3316 5406
641 550 858 616 ...45-

101 739 305 819 χώσομεν
337 746 404 820 τοῖς
432 744 597 820 littora:
621 743 686 807 342
710 745 808 807 οὑτοιί
833 761 886 808 σοι
917 743 1012 823 χαμαὶ
1037 743 1087 810 καὶ
1121 747 1162 808 σὺ
1186 745 1328 809 κατάθου

100 847 246 912 πάλιν
272 851 309 913 τὸ
333 850 449 932 ξίφος),
480 855 665 914 tetrameter
694 849 886 934 trochaicus,
920 853 961 914 12
986 851 1107 918 cretici.
1154 858 1202 916 est
1230 851 1328 934 igitur

103 969 287 1020 carmen
310 954 471 1037 quaedam
495 955 526 1021 ἐξ
550 955 679 1033 ὁμοίων.
701 995 745 1008 --
768 955 912 1021 similiter
936 957 1034 1022 etiam
1050 956 1263 1042 explicandus
1280 963 1328 1022 est

104 1059 163 1124 V.
204 1082 250 1126 v.
275 1060 371 1145 339¹)
395 1063 464 1125 τίνα
491 1061 659 1141 πρόφασιν
689 1063 769 1141 ἔχων
806 1081 827 1112 υ
845 1082 866 1112 υ
885 1082 929 1114 νυ
972 1083 993 1114 υ
1013 1083 1082 1146 υ-,
1115 1063 1165 1127 cui
1197 1083 1327 1147 respon-

0 1205 1 1208 =
108 1163 231 1230 dent
247 1167 366 1250 integri
382 1166 493 1232 cretici
507 1190 538 1236 v.
556 1170 620 1234 370
637 1169 703 1234 ἀλλ’
721 1169 817 1244 ἔπαγε
834 1171 891 1245 τήν
906 1172 1027 1243 γνάθον
1064 1211 1085 1218 -
1101 1189 1122 1220 υ
1139 1190 1182 1221 cc
1215 1211 1241 1217 —
1257 1189 1326 1246 νῦ.

0 1770 2 1853 l

465 1387 506 1450 lle
530 1383 658 1466 dactylis
683 1383 715 1450 et
739 1383 1015 1466 dactylo-epitritis.

263 1522 306 1585 Hi
328 1523 450 1586 numeri
483 1520 625 1604 graviter
657 1527 809 1586 sonantes
842 1528 940 1604 atque
973 1543 993 1586 a
1028 1503 1197 1587 comoedia
1230 1521 1328 1587 alieni

120 1627 312 1710 parodiae
335 1628 534 1712 plerumque·
545 1627 721 1692 inserviunt
738 1627 906 1712 (imprimis
922 1629 1212 1713 dactylo-epitriti),
1230 1649 1327 1711 qnam

123 1733 281 1799 etiamsi
316 1739 424 1798 taceat
459 1733 634 1799 scholiasta
669 1733 741 1818 ipsa
776 1735 877 1800 verba
911 1734 1054 1800 indicare
1089 1736 1203 1820 solent,
1239 1737 1327 1800 velut

127 1842 171 1905 R
201 1843 277 1926 814,
293 1843 348 1907 ubi
373 1842 488 1907 chorus
513 1842 554 1907 de
577 1843 800 1926 magnitudine
825 1843 1009 1908 certaminis
1032 1845 1114 1908 inter
1129 1845 1327 1929 Aeschylum

129 1955 182 2012 et
211 1947 399 2033 Euripidem
429 1969 503 2012 mox
536 1949 722 2015 instituendi
747 1970 871 2015 summa
895 1971 966 2014 cum
997 1951 1170 2016 severitate
1200 1958 1327 2036 specta-

132 2063 242 2122 tores
265 2055 425 2141 admonet‚
450 2063 485 2120 ut
508 2056 679 2141 praeludat
694 2058 785 2138 quasi
802 2057 863 2121 hoc
880 2059 1050 2142 carmen.²)
1076 2059 1202 2144 epicam
1220 2066 1326 2123 autem

137 2164 331 2228 orationem
355 2170 485 2248 poetam
515 2164 633 2228 imitari
664 2185 704 2229 ex
735 2164 932 2229 hexametris
963 2164 1117 2230 adhibitis
1148 2185 1326 2249 cognoscas

140 2276 254 2351 atque
283 2289 324 2334 cx
354 2269 502 2352 eoquod
535 2270 638 2335 altera
671 2270 798 2354 syllaba
827 2271 916 2335 vocis
947 2271 1148 2350 ἐριβρεμέτας
1179 2279 1221 2356 (ν.
1247 2273 1324 2355 814)

143 2377 315 2462 producta
348 2378 437 2460 est.³)
471 2377 616 2442 similiter
647 2379 673 2442 P
705 2379 809 2462 114⁴),
844 2379 898 2443 ubi
932 2379 1103 2462 Trygaeus
1136 2379 1167 2443 in
1200 2379 1325 2445 coelum

146 2504 346 2550 ascensurus
376 2483 458 2549 filias
488 2483 601 2549 flentes
633 2485 832 2568 consolatum
864 2485 999 2549 Aeolum
1029 2484 1239 2570 Euripideum
1270 2505 1325 2550 ex-

147 2591 249 2676 primi
273 2591 449 2657 scholiasta
473 2591 617 2657 adnotat.
653 2591 822 2675 parodiam
839 2611 966 2675 quoque
991 2599 1021 2656 ct
1037 2592 1160 2657 numeri
1178 2599 1210 2656 et
1225 2592 1326 2657 verba

150 2697 299 2763 indicant
322 2698 351 2762 V
377 2698 472 2782 1518,
496 2704 583 2762 tacet
607 2697 790 2780 scholiasta,
815 2698 869 2762 ubi
894 2698 1090 2762 Philocleoni
1121 2719 1193 2762 eum
1218 2698 1326 2763 Carci-

153 2805 228 2872 nitis
253 2811 339 2890 (nam
364 2806 445 2870 haec
469 2814 542 2871 sunt
566 2807 775 2884 μεγαλώνυμα
798 2809 891 2870 τέκνα
914 2811 971 2870 τοῦ
996 2808 1176 2870 θαλασσίου
1202 2807 1325 2890 θεοῡ)“)

155 2913 285 2977 saltanti
313 2912 429 2976 chorus
458 2912 576 3005 accinit
600 2918 631 2976 et
655 2912 725 2996 ipse
749 2913 857 2977 saltat.
896 2912 993 2976 ctiam
1017 2912 1048 2975 in
1073 2912 1223 2997 parabasi
1250 2912 1325 2976 dac-

156 3019 355 3104 tylo-epitriti
386 3039 484 3104 saepe
515 3017 717 3101 adhibentur,
749 3018 803 3082 ubi
834 3019 991 3104 parodiae
1020 3019 1109 3084 locus
1141 3019 1325 3104 aptissimus

156 3133 213 3210 est,
248 3127 281 3189 in
310 3127 360 3189 Αν
388 3124 444 3207 Εεγ
472 3126 501 3189 a
529 3125 554 3188 P
582 3124 735 3207 gravitati
758 3124 989 3209 exprimendae
1013 3125 1191 3190 inserviunt
1214 3126 1325 3192 Nara

156 3263 197 3288 =
213 3234 267 3314 90,
284 3232 339 3297 ubi
354 3232 465 3299 Nubes
482 3231 564 3296 deae
581 3251 705 3296 summa
729 3251 800 3296 cum
817 3231 1029 3317 amplitudine
1046 3253 1066 3296 a
1082 3233 1217 3298 Socrate
1237 3232 1325 3298 invo-

155 3345 248 3403 catae
281 3358 405 3404 summa
437 3356 509 3402 curn
543 3337 700 3421 dignitate
732 3336 895 3421 incedunt,
929 3344 965 3402 ut
997 3338 1200 3404 maiestatem
1234 3359 1325 3403 suam

154 3444 335 3510 ostendant.
376 3444 468 3508 simul
493 3444 533 3508 de
562 3442 720 3508 industria
749 3445 873 3507 numeri
903 3463 1021 3526 graves
1051 3463 1155 3508 vanae
1185 3445 1325 3509 Nubium

153 3544 289 3615 naturae
323 3558 542 3635 opponuntur,
582 3570 644 3632 quo
684 3549 766 3615 risus
801 3549 905 3632 magis
944 3557 1121 3616 moveatur.
1178 3550 1323 3614 similiter

154 3657 284 3740 Eb'll,
316 3656 371 3720 ubi
399 3657 589 3738 Praxagora
620 3655 780 3737 quomodo
810 3675 876 3718 rem
906 3655 1069 3740 publicam
1100 3655 1325 3721 administrare

154 3762 232 3826 velit
265 3763 454 3847 expositura
483 3784 503 3826 a
536 3761 633 3826 choro
667 3759 867 3845 admonetur,
903 3761 958 3843 qui
990 3783 1048 3846 pro
1084 3762 1129 3826 rei
1164 3763 1325 3845 gravitate

155 3869 437 3955 dactylo-epitritis
461 3869 569 3934 utitur.
602 3907 642 3916 -
675 3868 806 3934 eosdem
830 3888 977 3933 numeros
1001 3875 1033 3933 ct
1057 3866 1205 3952 dactylos
1236 3870 1324 3934 invo-

261 4067 283 4133 1)
304 4066 399 4130 Quem
419 4068 529 4122 iniuria
549 4067 723 4120 Dindorfius
743 4067 863 4120 delevia

259 4154 450 4226 blm&
745 4185 749 4194 ·

260 4245 282 4312 ³)
303 4244 385 4298 Idem
404 4246 532 4298 recurrit
558 4245 590 4297 R.
610 4260 637 4296 v.
658 4243 723 4310 68ος
743 4245 851 4298 deinde
878 4243 933 4298 Av.
953 4261 980 4297 v.
1000 4243 1068 4297 1321
1095 4243 1128 4297 L.
1156 4261 1183 4299 v.
1205 4245 1274 4299 1289
1292 4247 1322 4298 irr

155 4348 227 4386 voce
248 4332 455 4399 ἀγανόφρονος,
476 4335 508 4387 R.
528 4351 555 4386 ν.
575 4332 627 4385 409
647 4333 679 4388 Ε,
694 4349 722 4385 v.
737 4332 789 4386 498
809 4333 860 4402 Eq.
875 4351 894 4385 v
916 4333 969 4387 298
988 4335 1018 4386 in
1032 4348 1106 4386 voce
1125 4335 1325 4399 παραβλέπειν,

154 4421 187 4475 V.
207 4437 235 4478 v.
253 4421 307 4475 ’744
326 4424 357 4476 ln
376 4439 451 4478 voce
470 4424 576 4488 ἔγνωκε
595 4427 687 4491 atque
707 4424 738 4475 in
757 4423 904 4477 dochmi0.

260 4511 283 4577 ⁴)
303 4511 370 4574 'Quo
391 4513 428 4566 de
447 4513 580 4566 carmine
600 4513 664 4581 egit
683 4511 714 4564 F.
735 4509 830 4580 spiro,
849 4511 980 4565 Hermae
998 4511 1056 4564 vol.
1076 4510 1179 4564 XXIII
1198 4529 1248 4582 pg.
1262 4511 1322 4565 286.

258 4599 281 4666 ⁵)
302 4600 378 4654 Nam
400 4598 556 4653 θαλασσίου
577 4600 721 4653 traditum
740 4603 799 4665 est3
819 4603 888 4652 θεοί)
908 4601 1033 4670 egregie
1053 4601 1129 4654 coni.
1161 4600 1321 4670 Bergkius.
