3316 5406
656 555 854 618 ,ν-

169 752 289 816 victum
313 749 512 832 adhortatur,
537 755 572 812 ut
595 747 659 812 lilio
684 747 852 830 concedat,
878 754 909 812 et
926 747 1101 830 Bdelycleo
1119 745 1337 812 beatissimam
1410 776 1413 784 ·

168 857 253 944 patri
281 857 380 922 vitam
408 853 568 940 proponit.
614 855 642 918 L
666 853 731 919 954
754 852 899 919 Cinesias
927 875 948 918 a
975 852 1163 918 mulieribus
1191 851 1338 936 repulsus

169 967 321 1048 queritur,
346 963 462 1028 chorus
486 981 597 1027 senum
628 981 700 1025 eum
729 960 948 1046 reprehendit,
978 959 1095 1025 deinde
1118 959 1337 1024 Lacedaemo-

167 1073 291 1138 niorum
326 1071 453 1154 legatus
488 1069 519 1133 in
555 1089 685 1134 scenam
719 1067 827 1152 prodit
862 1074 894 1132 et
925 1089 977 1133 res
1012 1087 1107 1152 porro
1143 1068 1259 1151 agitur.
1293 1107 1337 1115 -

168 1199 299 1265 prorsus
322 1198 373 1243 res
397 1176 526 1260 agenda
554 1175 690 1257 quiescit
719 1174 760 1240 iis
789 1175 879 1259 locis,
909 1175 965 1240 ubi
995 1174 1139 1240 carmina
1167 1173 1278 1258 lyrica
1296 1193 1336 1238 ex

168 1274 356 1370 argumento
391 1283 522 1348 fabulae
556 1281 740 1348 necessaria
778 1289 852 1348 sunt
891 1289 989 1365 atque
1023 1281 1096 1366 ipsa
1131 1301 1234 1366 paene
1269 1299 1337 1346 rem

168 1393 328 1477 agendam
353 1391 504 1474 efficiunt,
530 1389 673 1455 earmina
697 1389 834 1455 sacralia
858 1388 942 1473 dico,
960 1389 1075 1471 quibus
1094 1387 1147 1453 dei
1171 1388 1336 1473 appellan-

167 1508 229 1581 tur,
263 1506 319 1564 aut
349 1519 388 1564 ea
418 1516 501 1581 quac
531 1497 574 1562 ad
599 1516 693 1562 sacra
722 1496 874 1561 facienda
903 1495 1101 1561 accinuntur.
1142 1515 1274 1576 quorum
1303 1494 1335 1558 in

167 1627 298 1671 numero
322 1606 459 1690 primurn
482 1605 586 1668 locum
603 1604 726 1670 obtinet
741 1604 905 1668 Ranarum
922 1603 1073 1688 paredus,
1091 1622 1156 1685 qua
1171 1601 1336 1666 Eleusinia

109 1775 112 1782 .
167 1721 265 1799 poeta
287 1713 440 1794 imitatur,
465 1711 583 1776 deinde
607 1712 635 1775 Τ
659 1711 734 1794 949,
760 1710 876 1792 quibus
899 1709 1094 1775 carminibus
1118 1709 1211 1789 ὄργια
1234 1711 1336 1786 σεμνὰ

168 1828 211 1906 (ν.
236 1823 299 1886 947
325 1827 386 1902 sq.)
411 1818 578 1882 mulierum
606 1819 818 1884 continentur.
864 1825 1035 1902 praeterea
1063 1815 1135 1881 aliis
1163 1815 1251 1901 locis,
1281 1815 1336 1880 ubi

166 1928 355 2012 imprecatio
379 1926 510 1991 deorum
535 1924 736 1989 intercedere
761 1924 911 2006 debebat,
940 1924 1084 1989 carmina
1112 1923 1217 2007 lyrica
1244 1922 1335 1987 adhi-

166 2036 235 2100 bita
257 2034 469 2099 inveniuntur.
514 2034 542 2096 T
558 2033 623 2097 312
640 2038 672 2096 et
692 2033 756 2098 352
774 2031 1138 2115 Thesmophoriazusae,
1162 2038 1334 2112 antequam

167 2141 301 2208 consilia
323 2141 443 2224 ineunt,
468 2138 547 2204 deos
571 2159 705 2224 superos
728 2139 946 2223 imprecantur
970 2140 1138 2218 ἐκκλησίαν
1165 2141 1260 2217 τήνδε
1284 2139 1334 2201 καὶ
1357 2120 1360 2125 ’

167 2251 308 2313 σύνοδον
335 2252 392 2326 τήν
419 2252 476 2311 νῦν
505 2248 656 2311 κάλλιστα
689 2249 740 2310 καὶ
769 2247 884 2324 ἄριστα
912 2252 1058 2330 ποιῆσαι;
1086 2266 1161 2309 narn
1189 2245 1242 2309 hic
1264 2263 1335 2309 mos

167 2361 246 2421 erat.
292 2355 436 2420 similiter
470 2355 499 2418 V
531 2354 595 2418 868
628 2361 703 2418 ante
735 2351 889 2416 iudicium
921 2351 954 2416 in
989 2351 1084 2418 domo
1119 2349 1335 2417 Philocleonis

165 2460 349 2526 habendum
373 2460 488 2525 chorus
511 2479 625 2544 preces
648 2458 737 2542 facit,
762 2457 822 2524 etsi
846 2459 907 2523 boc
930 2458 1009 2523 nihil
1032 2458 1074 2524 ad
1095 2458 1246 2523 iudicium
1263 2478 1334 2543 per-

165 2569 258 2651 tinet;
283 2566 464 2651 Apollinem
489 2567 572 2630 enim
597 2566 750 2650 appellat,
775 2573 810 2630 ut
833 2564 918 2632 senis
941 2564 1087 2630 insaniae
1110 2564 1287 2631 medeatur.

270 2663 419 2754 Denique
442 2672 516 2736 huic
541 2671 651 2755 generi
676 2691 715 2736 ea
741 2671 883 2736 carmina
910 2670 1127 2736 adscribenda
1151 2691 1221 2738 esse
1244 2678 1333 2756 puto,

165 2780 280 2862 quibus
310 2778 483 2844 vehemens
513 2777 611 2843 animi
641 2778 770 2842 affectio
801 2777 1000 2862 exprimitur.
1047 2778 1074 2843 L
1101 2778 1186 2842 1043
1217 2777 1333 2844 chorus

163 2907 274 2953 senum
307 2894 339 2950 et
371 2885 488 2950 chorus
511 2885 679 2950 mulierum
703 2903 817 2969 pacem
849 2884 969 2948 factam
1002 2884 1142 2949 carmine
1175 2885 1333 2950 communi

163 2993 337 3075 celebrant,
362 3012 401 3056 ac
425 3011 530 3075 paene
554 3011 618 3056 una
641 2991 704 3056 hac
727 2991 851 3056 ratione
875 2989 944 3054 fieri
968 2990 1029 3054 hoc
1061 3011 1157 3076 posse
1188 2990 1331 3076 videtur,

162 3101 282 3185 optime
306 3104 413 3163 autem
430 3098 491 3163 hoc
508 3098 649 3164 carmine
672 3098 797 3162 laetitia
820 3098 995 3163 iocantium
1012 3097 1217 3164 describitur.
1255 3098 1332 3163 item

162 3207 203 3272 de
227 3207 277 3271 Αν
301 3206 363 3270 627
389 3204 597 3269 iudicandum
621 3212 680 3288 est,
704 3204 759 3268 ubi
783 3204 899 3268 chorus
923 3224 1047 3270 summa
1076 3205 1200 3270 laetitia
1227 3206 1331 3270 exsul-

162 3321 234 3379 tans
250 3312 390 3378 consiliis
405 3311 597 3378 Pistbetaeri
614 3311 774 3398 adstrepit
790 3318 822 3376 et
838 3317 924 3376 totus
944 3311 989 3375 illi
1009 3331 1044 3376 se
1066 3311 1164 3376 tradit
1181 3317 1224 3395 (v.
1242 3314 1331 3397 628),

161 3420 258 3486 etde
291 3421 351 3501 Eq.
376 3420 451 3502 616,
485 3419 539 3483 ubi
572 3419 698 3503 chorus,
731 3425 903 3503 postquam
935 3418 1146 3500 Agoracritus
1178 3418 1282 3484 victor
1314 3440 1332 3484 e

162 3529 253 3592 curia
275 3526 381 3610 rediit,
406 3524 527 3609 gaudio
551 3525 752 3610 triumphans
780 3532 824 3609 (v.
850 3526 928 3609 616)
959 3526 1047 3590 illum
1071 3525 1272 3609 adhortatur,
1297 3533 1332 3590 ut

161 3634 306 3720 pluribus
329 3633 436 3699 verbis
458 3632 626 3698 victoriam
651 3652 742 3698 suam
767 3640 903 3699 enarret.
941 3633 1060 3698 assumi
1084 3633 1181 3698 etiam
1198 3641 1332 3717 possunt

161 3741 308 3805 carmina
328 3741 379 3805 Αν
405 3740 490 3805 1188
508 3771 544 3798 =
565 3740 660 3824 1262,
685 3758 819 3820 quorum
848 3739 909 3804 hoc
939 3738 1094 3804 laetitiam
1124 3739 1204 3803 illud
1235 3737 1330 3824 trepi-

161 3847 322 3912 dationem
355 3865 434 3933 prae
468 3865 503 3911 se
536 3845 596 3910 tert
630 3845 687 3930 (ad
710 3851 879 3927 utrumque
907 3865 984 3914 vero
1015 3845 1154 3911 dochmii
1184 3845 1331 3912 omnibus

159 3973 263 4040 paene
287 3953 391 4034 longis
411 3951 524 4018 solutis
545 3951 666 4036 optime
682 3951 899 4036 conveniunt),
925 3959 956 4017 et
972 3953 1000 4016 A
1016 3952 1092 4036 666,
1117 3952 1171 4016 ubi
1195 3953 1330 4018 alterum

162 4053 389 4124 hemichorium
422 4059 536 4124 timore
571 4057 776 4142 perterritum
799 4057 955 4123 Lamacbi
983 4058 1139 4123 auxilium
1169 4059 1329 4144 implorat.

160 4174 193 4232 et
216 4167 333 4248 P346,
358 4164 413 4230 ubi
437 4164 478 4230 de
503 4183 585 4249 pace
608 4165 718 4229 sutura
741 4165 859 4231 chorus
881 4164 1015 4246 gaudet.
1043 4163 1204 4230 accedunt
1219 4184 1330 4230 ornnes

105 4341 107 4346 ,
159 4293 263 4358 paene
286 4271 466 4356 munodiae,
492 4291 576 4354 quae
606 4278 663 4336 aut
685 4270 906 4353 conquestioni
936 4279 993 4338 aut
1022 4271 1166 4337 laetitiae
1198 4277 1254 4336 aut
1283 4271 1330 4335 in-

159 4379 323 4446 vocationi
345 4378 575 4465 exprimendae
598 4377 784 4444 inserviunt.
