3316 5406
596 549 817 624 433-

250 756 360 820 τόντε
384 761 562 835 μεγασθενῆ
587 756 728 834 τριαίνης
751 755 867 832 ταμίαν

250 867 307 942 γῆς
330 882 363 926 τε
388 864 437 926 καὶ
462 862 605 941 ἁλμυρᾶς
629 861 751 926 θαλάσ-

252 984 312 1048 σης
335 967 446 1048 ἄγριον
469 971 650 1048 μοχλευτήν·

657 1091 707 1157 9d

251 1215 306 1279 τόν
331 1213 358 1277 θ’
383 1205 570 1292 ἱππονώμαν
596 1217 633 1292 ὃς
655 1214 892 1293 ὑπερλάμπροις
916 1213 1042 1281 ἀκτῖσιν
1066 1215 1216 1300 κατέχει1)

249 1326 308 1400 γῆς
330 1323 438 1396 πέδον,
464 1323 562 1399 μέγας
586 1322 619 1385 ἐν
643 1325 731 1399 θεοῖς
802 1333 807 1377 ἱ
850 1335 852 1340 ·

252 1429 285 1492 ἐν
309 1429 452 1506 θνητοῖσί
476 1450 509 1493 τε
534 1429 667 1505 δαίμων.

124 1549 270 1616 liberiore
292 1551 391 1636 igitur
415 1551 539 1616 ratione
563 1551 743 1635 composita
764 1558 840 1616 sunt
857 1552 946 1616 haec
963 1552 1118 1637 carmina,
1143 1551 1298 1636 imprimis

127 1677 270 1740 eaquae
300 1658 332 1722 in
364 1657 516 1742 parabasi
548 1659 652 1742 posita
682 1665 765 1723 sunt.
812 1658 874 1722 hoc
904 1678 980 1723 vero
1011 1659 1151 1724 maxime
1181 1678 1299 1723 memo-

126 1765 227 1830 rabile
250 1770 308 1848 est,
332 1764 509 1849 glyconeos
525 1763 828 1849 polyschematistos
849 1764 937 1831 iniis
954 1772 1079 1829 tantum
1103 1764 1298 1830 carminibus

125 1891 210 1954 quae
238 1873 270 1937 in
299 1872 451 1956 parabasi
475 1871 582 1956 posita
614 1878 687 1936 sunt
717 1893 898 1957 occurrere,
932 1873 959 1938 si
989 1872 1119 1955 quidem
1151 1873 1179 1935 Τ
1212 1872 1297 1937 1136

126 1968 304 2064 paullisper
324 1977 454 2062 omittis,
480 1975 576 2060 quod
591 1999 721 2043 carmen
745 1980 841 2064 plane
865 1965 1029 2062 singulare
1053 1987 1113 2044 est.
1172 1963 1174 1968 ¹

233 2083 328 2161 Quod
351 2084 383 2148 in
406 2084 676 2169 Acharncnsibus‚
694 2086 797 2170 prima
813 2086 1038 2170 Aristophanis
1062 2085 1173 2150 fabula
1190 2106 1300 2150 earum

129 2211 213 2273 quae
236 2198 385 2274 servatae
409 2199 491 2276 sunt,
517 2192 668 2276 glyconei
691 2212 755 2256 non
786 2200 926 2277 exstant,
959 2193 1019 2257 hoe
1048 2193 1103 2257 vix
1133 2193 1223 2257 casui
1247 2195 1300 2258 tri-

128 2297 218 2364 bues.
258 2296 316 2363 sed
342 2297 511 2382 paullatim
535 2298 627 2380 quasi
651 2304 779 2382 poetam
803 2299 979 2383 glyconeos
1003 2297 1171 2364 induxisse
1194 2305 1299 2383 putes,

128 2404 264 2488 primurn
287 2404 320 2468 in
343 2403 524 2490 Equitibus,
552 2404 608 2469 ubi
632 2405 709 2487 quia
738 2405 813 2470 novi
837 2412 938 2487 erant,
969 2404 1118 2489 cupidius
1148 2423 1205 2470 eos
1235 2425 1300 2468 am-

129 2511 343 2595 plectebatur;
368 2511 470 2576 tribus
495 2514 578 2577 enim
602 2513 680 2578 loeis
704 2511 931 2578 inveniuntur.'
952 2533 1027 2576 mox
1052 2531 1128 2577 vero
1151 2517 1219 2575 tarn
1235 2511 1301 2576 triti

131 2624 230 2702 erant,
254 2624 289 2681 ut
314 2617 358 2701 (in
381 2617 613 2702 posterioribus
638 2617 768 2700 quidem
798 2617 928 2702 fabulis)
961 2617 1058 2683 etiam
1086 2617 1118 2681 in
1142 2617 1300 2702 parodum

131 2725 172 2808 (Ε
204 2725 281 2809 289)
315 2724 519 2808 invaderent3
559 2746 633 2789 nam
670 2725 758 2808 quod
790 2724 822 2789 in
854 2725 1017 2810 parabasi,
1050 2725 1106 2789 ubi
1139 2724 1236 2790 etiam
1268 2723 1301 2787 in
1408 2730 1411 2734 ’

131 2831 270 2896 numeris
293 2830 485 2897 adhibendis
509 2852 628 2913 magna
649 2840 767 2916 poetae
793 2831 924 2897 licentia
952 2839 1031 2916 erat,
1060 2831 1190 2916 saepius
1213 2814 1321 2896 inve-¹

131 2937 268 3021 niuntur,
293 2936 379 3001 haud
403 2937 449 3002 ita
472 2936 585 3002 mirum
610 2944 667 3004 est.
715 2937 852 3021 quodsi
883 2938 915 3003 in
939 2937 1124 3022 Lysistrata
1150 2935 1301 3021 glyconci

132 3064 193 3108 non
210 3049 339 3110 exstant
355 3044 457 3129 primo
474 3046 586 3109 obtutu
603 3065 725 3110 summo
744 3047 813 3110 iure
834 3045 967 3111 mireris.
1007 3044 1066 3110 scd
1086 3043 1302 3129 reputandum

133 3157 181 3214 est
202 3156 333 3234 poetam
355 3151 388 3214 in
412 3149 473 3215 hae
496 3151 607 3220 fabula
631 3150 779 3234 antiquas
798 3150 985 3217 comoediae
1001 3151 1121 3216 formas
1144 3155 1301 3235 repetere,

132 3263 167 3320 ut
196 3255 237 3320 dc
267 3255 426 3322 industria
459 3275 607 3322 numeros
637 3256 710 3322 illos
744 3256 937 3322 recentiores
972 3255 1112 3322 evitasse
1142 3255 1301 3323 videatur.

131 3381 235 3445 ncquc
259 3360 469 3426 omittendum
493 3368 541 3426 cst
564 3361 596 3424 in
617 3381 681 3426 una
702 3382 719 3426 e
740 3362 971 3447 posterioribus
993 3361 1112 3428 sabulis
1136 3363 1177 3446 (T
1204 3361 1302 3444 1136)
1410 3356 1415 3364 ’

133 3468 231 3532 semel
243 3475 373 3554 poetam
384 3468 548 3534 liberrima
560 3468 772 3553 componendi
785 3470 960 3553 glyconeos
973 3469 1098 3535 ratione
1112 3489 1204 3534 nsum
1221 3487 1302 3534 esse.

239 3574 305 3639 Sed
329 3575 392 3639 iam
425 3595 530 3659 pauca
563 3574 604 3639 de
636 3574 861 3660 Aristophanis
893 3596 1005 3642 versus
1038 3577 1213 3661 glyconeos
1240 3574 1304 3638 for-

133 3681 242 3746 mandi
265 3681 389 3746 ratione
413 3689 445 3746 ct
475 3682 515 3747 de
543 3689 659 3747 natura
682 3703 791 3754 eorum
811 3681 942 3748 addam.
989 3683 1021 3748 in
1051 3683 1122 3748 basi
1154 3680 1304 3766 glyconei

33 3825 34 3840 ι
133 3789 189 3870 qui
212 3788 342 3873 proprie
366 3788 482 3854 dicitur
506 3788 669 3873 spondeus
692 3791 791 3854 multo
822 3790 1020 3872 frequentior
1050 3797 1098 3856 est
1122 3809 1217 3872 quam
1241 3793 1304 3852 tro-

33 3971 34 3980 *
133 3895 263 3960 ehaeus.
310 3895 435 3962 iambus
466 3915 629 3977 nunquam
657 3896 826 3963 invenitur.
881 3897 1064 3982 tribrachys
1094 3895 1233 3961 occurrit
1265 3895 1304 3960 R.

133 4026 165 4070 ν.
191 4003 274 4068 1251
300 4004 328 4067 τί
351 4024 428 4068 ποτε
451 4008 580 4082 πρᾶγμα
603 4006 769 4083 γενήσεται
794 4005 837 4068 53
862 4004 916 4069 riv'
941 4004 1004 4084 ἄρα
1033 4007 1149 4084 μέμψιν
1173 4003 1305 4077 ἐποίσει,
1360 4024 1365 4031 ·

133 4111 167 4175 in
190 4110 349 4195 glyconec
374 4109 659 4194 polyschematisto
684 4112 722 4175 Τ.
747 4132 777 4176 ν.
804 4111 889 4176 1155
909 4111 1043 4189 μόλετον
1067 4113 1195 4176 ἔλθετον
1215 4109 1305 4173 ἄντο-

135 4217 202 4298 μεθ’
226 4218 269 4293 ὠ;
290 4216 439 4301 dactylus
461 4217 495 4280 in
518 4217 658 4283 carmine
683 4219 710 4281 T
737 4219 822 4283 1136
846 4219 1070 4303 compluriens.
1117 4217 1176 4283 sed
1204 4223 1305 4282 toturn

134 4325 197 4389 hoc
221 4343 350 4388 carmen
373 4324 555 4390 exscribere
579 4323 676 4389 liccat

244 4522 266 4590 1)
287 4521 332 4577 Dc
352 4522 515 4576 choriambi
534 4523 630 4576 forma
649 4522 702 4575 illa
726 4535 806 4590 quae
825 4526 945 4576 constat
971 4537 987 4575 e
1011 4527 1157 4590 quattuor
1183 4521 1307 4591 syllabis

135 4611 237 4682 longis
256 4625 284 4664 v.
303 4627 352 4682 pg.
373 4611 415 4664 21.

1202 4718 1219 4772 3
