3316 5406
681 908 797 974 VITA.

264 1105 428 1170 Hermann
462 1103 592 1169 Steurer
625 1103 791 1167 Francisci
822 1101 905 1166 filius
937 1108 1032 1167 natus
1066 1109 1115 1168 est
1147 1101 1190 1166 ad
1222 1098 1343 1166 fontes¹

74 1211 77 1218 “
154 1212 346 1278 Danubinos
376 1213 409 1276 in
439 1210 570 1296 oppido,
602 1209 653 1274 cui
683 1230 798 1274 nomen
828 1217 877 1275 est
906 1208 1210 1291 Donaueschingen,
1238 1207 1326 1273 ad.

154 1321 200 1386 X.
229 1320 303 1386 Kal.
332 1319 529 1384 Decembres
553 1317 628 1381 anni
655 1339 688 1401 p;
716 1316 790 1382 Chr.
824 1337 854 1382 n.
885 1315 1193 1398 MDCOOLXX1H3
1224 1321 1327 1379 mater

156 1426 226 1492 eius
249 1425 352 1490 Maria
376 1430 454 1507 erat,
479 1429 616 1506 egente
642 1423 720 1488 Bell.
756 1422 842 1487 idem
866 1422 1038 1507 Lupoduni
1065 1422 1098 1486 in
1128 1421 1248 1506 oppido
1272 1442 1327 1486 an-

155 1531 335 1614 tiquissimo
360 1532 517 1614 Palatino,
549 1549 611 1611 quo
635 1529 758 1593 familia
782 1528 1030 1613 demigraverat,
1062 1549 1178 1593 nonum
1209 1548 1327 1593 annum

156 1658 259 1720 agens
291 1639 324 1702 in
356 1637 499 1704 scholam
534 1656 618 1718 quae
657 1635 773 1700 dicitur
804 1635 943 1700 ‘there
978 1635 1240 1718 Burgerschule’‚
1276 1636 1328 1700 cui

154 1743 227 1829 ipse
251 1751 345 1829 pater
367 1751 528 1828 praeerat,
553 1750 703 1828 receptus
727 1751 784 1810 est.
833 1743 951 1809 deinde
971 1744 1004 1808 in
1024 1743 1202 1828 gymnasiis
1217 1743 1327 1808 Karls-

156 1850 287 1916 rubensi
311 1858 343 1916 et
366 1850 576 1933 Friburgensi
603 1871 661 1935 per
689 1851 760 1934 plus
791 1870 849 1916 sex
881 1871 980 1915 annos
1011 1857 1157 1916 versatus
1181 1850 1327 1915 omnibus

156 1957 250 2024 bonis
273 1959 387 2023 litteris
411 1977 483 2022 cum
507 1958 548 2022 ab
572 1957 643 2022 aliis
667 1957 931 2041 praeceptoribus
955 1956 1096 2040 egregiis
1120 1963 1186 2020 tum
1210 1979 1231 2021 a
1246 1957 1328 2022 Ben-

158 2064 248 2149 dem,
271 2064 340 2129 viro
364 2063 549 2129 deotissime
574 2070 671 2145 atque
694 2062 918 2148 illustrissimo,
936 2063 989 2146 qui
1009 2064 1194 2129 moderator
1217 2065 1323 2130 etiam-

158 2191 243 2235 nunc
273 2176 406 2256 praeest
435 2170 605 2254 gymnasio
638 2169 857 2254 mungens,
888 2170 1062 2236 instructus
1095 2177 1153 2236 est.
1201 2191 1218 2236 e
1251 2171 1327 2236 ludo

159 2285 191 2343 et
207 2277 365 2361 pueritiae
382 2276 560 2361 disciplinis
578 2296 686 2341 mense
702 2276 784 2340 Iulio
806 2276 880 2340 anni
896 2298 927 2360 p.
946 2275 1019 2342 Chr.
1037 2298 1068 2343 n.
1089 2277 1328 2343 MDCOCXOII
1402 2295 1405 2301 ·

159 2383 310 2448 dimissus
340 2384 476 2467 primum
507 2382 658 2464 Friburgi
688 2381 805 2446 deinde
836 2381 977 2446 Berolini
1011 2383 1126 2448 studiis
1156 2383 1328 2468 philologis

160 2497 192 2554 et
215 2489 376 2554 historicis
391 2509 449 2574 per
463 2489 606 2570 singulos
623 2509 723 2554 annos
743 2488 887 2553 incubuit
906 2488 1093 2570 audivitque
1117 2489 1328 2554 Schmidtium

160 2595 322 2660 Henseum
339 2595 521 2680 philologos
535 2595 721 2659 Fabricium
740 2594 927 2660 historicum
943 2595 1173 2660 Studniczkam
1198 2595 1328 2661 archae-

161 2702 290 2783 0logum
312 2701 555 2785 Friburgenses,
579 2701 755 2767 Dielesiurn
781 2701 959 2767 Vahlenum
975 2701 1206 2768 Kirohhoffium
1227 2703 1328 2787 philo-

160 2809 252 2891 logos
279 2806 530 2873 Hirschfeldium
561 2807 747 2873 historicum
775 2808 920 2873 Curtium
951 2809 1147 2874 Kekuleium
1177 2810 1329 2875 archaeo-

161 2916 253 2997 logos
278 2914 452 2997 Georgium
477 2915 517 2978 de
541 2915 679 2999 Gizycki
702 2915 928 3000 philosophum
956 2916 1189 2984 Berolinenses.
1237 2919 1329 2982 semi-

161 3023 243 3113 narii
266 3020 421 3106 philologi
446 3029 478 3085 et
501 3020 644 3085 historici
667 3022 893 3104 Friburgensis
912 3022 962 3087 bis
986 3043 1045 3088 sex
1066 3043 1192 3088 menses
1209 3024 1330 3090 sodalis

160 3127 220 3191 luit
242 3134 274 3191 et
298 3127 437 3210 benigne
453 3127 594 3191 Berolini
618 3134 653 3191 ut
676 3147 734 3212 per
750 3127 883 3191 totidem
902 3134 1028 3213 tempus
1045 3130 1330 3197 exercitationibus

161 3233 332 3317 philologis
356 3233 526 3298 interesset
545 3233 714 3316 Dielesius,
738 3232 896 3298 historicis
913 3234 1092 3300 Koehlerus
1116 3236 1145 3300 ei
1166 3255 1330 3302 concesse-

162 3345 244 3406 runt.
292 3339 408 3404 deinde
433 3359 490 3405 sex
513 3359 640 3404 menses
664 3345 696 3403 et
719 3359 837 3404 annum
861 3339 1003 3405 scholam
1024 3343 1330 3424 Argentoratensem

162 3445 377 3526 frequentavit
408 3445 594 3526 audivitque
623 3445 805 3509 Kaibelium
836 3445 1119 3511 Reitzensteinium
1149 3449 1331 3532 philologos

163 3551 396 3618 Neumannium
419 3551 636 3616 Bresslavium
660 3551 831 3616 historicos
847 3551 1029 3633 Zieglerum
1044 3553 1330 3620 Windelbandium

163 3657 380 3742 philosophos.
425 3678 483 3742 per
506 3665 608 3722 totum
632 3665 740 3723 autem
764 3657 824 3722 hoc
852 3665 978 3742 tempus
1006 3659 1127 3726 sodalis
1157 3662 1216 3725 fuit
1239 3663 1331 3728 semi-

163 3764 243 3828 narii
266 3764 420 3849 philologi
445 3771 477 3827 et
501 3763 785 3828 exercitationibus
810 3763 969 3830 historicis
1002 3787 1022 3829 a
1045 3767 1246 3833 Neumannio
1275 3768 1330 3833 ha-

164 3870 237 3934 bitis
259 3871 309 3934 bis
332 3892 389 3936 sex
413 3889 537 3934 menses
561 3869 717 3952 intert'uit;
742 3877 913 3953 praeterea
941 3870 973 3933 in
1002 3872 1206 3936 seminarium
1230 3873 1330 3958 philo-

164 3979 297 4061 sophum
321 3985 469 4061 receptus
493 3985 552 4042 est.
