3316 5406
810 521 1028 591 ’.ΞΟ-

334 709 460 805 speeies
503 719 638 786 efficitur
689 744 742 772 υ-
782 760 816 787 -.
874 739 974 806 saepe
1017 721 1170 788 bacchius
1213 719 1338 788 initium
1379 717 1517 806 periodi

334 828 491 894 iambieae
527 829 605 894 facit
639 837 736 912 atque
769 829 833 908 ita,
872 837 908 894 ut
942 829 1076 896 alterius
1110 831 1202 896 metri
1237 829 1341 915 prima
1378 847 1518 912 qnoque

334 956 509 1021 suppressa
553 936 610 1020 sit,
661 946 696 1002 ut
745 936 870 1002 bacchii
920 956 992 1002 cum
1042 937 1160 1003 cretico
1209 936 1336 1022 species
1385 935 1516 1002 evadat

342 1069 394 1096 ν-
429 1083 454 1094 -
489 1070 591 1128 -υ-,
622 1045 709 1110 velut
741 1046 779 1111 Α.
814 1066 844 1111 ν.
889 1045 973 1109 1159
1008 1045 1130 1110 ὀκέλλοι
1164 1044 1243 1110 κᾶτα
1279 1047 1348 1122 nel·
1386 1074 1423 1104 =
1463 1045 1508 1108 71

335 1152 475 1234 ἐπᾴξειεν
499 1150 527 1214 δ’
558 1151 647 1230 ἔχων.
677 1152 737 1216 Αν.
763 1171 792 1218 ν.
817 1151 882 1216 629
911 1157 943 1216 et
970 1151 1015 1216 30
1038 1151 1222 1230 ἐπαύχησας
1252 1155 1289 1216 δὲ
1318 1155 1401 1216 τοῖσι
1433 1154 1513 1228 σαῖς

334 1257 453 1334 λόγοιςΙ
494 1257 690 1336 ἐπηπείλησα
724 1259 774 1322 καὶ
813 1258 988 1336 κατώμοσα
1023 1257 1159 1340 aliisque
1197 1257 1287 1324 locis.
1322 1257 1511 1342 complures

333 1363 459 1428 bacchii
495 1363 587 1428 iuxta
623 1364 719 1449 positi
749 1364 951 1430 inveniuntur
990 1365 1029 1430 T.
1060 1386 1090 1431 v.
1124 1365 1209 1430 1143
1239 1385 1287 1448 sq.
1326 1365 1445 1447 φάνηθ’
1477 1366 1509 1430 ὦ

333 1471 508 1549 τυράννους
525 1470 677 1546 στυγοῦο)
692 1471 803 1549 ὥσπερ
824 1472 917 1549 εἰκός.
965 1473 985 1536 2
1001 1469 1127 1536 bacchii
1144 1472 1309 1538 clausulae
1325 1471 1357 1536 in
1374 1470 1507 1536 modum

334 1576 467 1640 carmini
495 1576 691 1642 antecedunt
714 1578 753 1644 V.
784 1599 815 1643 v.
846 1579 909 1642 317
939 1577 1028 1658 φίλοι
1057 1579 1190 1655 τήκομαι
1222 1579 1288 1655 μέν.
1317 1617 1350 1628 -
1379 1577 1508 1642 iambus

333 1683 579 1766 anaelomenus,
615 1683 819 1749 choriambus
850 1683 904 1766 qui
937 1684 1073 1767 dicitnr,
1107 1709 1160 1736 -υ
1177 1709 1240 1768 υ-,
1274 1683 1434 1750 invenitur
1466 1684 1505 1749 E.

333 1813 363 1857 ν.
391 1792 476 1856 1176
506 1787 572 1856 εἷτα
602 1793 738 1856 κόνιΙσαι
769 1793 877 1872 λαβὼν
917 1793 956 1858 Τ.
987 1813 1017 1858 ι’.
1044 1793 1129 1856 1013
1157 1797 1228 1869 πῶς
1258 1791 1298 1856 ἄν
1328 1793 1505 1869 ἀπὲλΙθοιμι

334 1901 393 1963 καί.
439 1899 471 1963 in
507 1905 609 1965 metro
643 1899 840 1984 paenultimo
881 1897 1007 1984 periodi
1049 1899 1259 1964 catalecticae
1298 1899 1337 1966 R.
1375 1921 1403 1965 v.
1439 1901 1504 1964 213

334 2006 479 2085 εὔΙγηρυν
496 2007 583 2083 ἐμάνΙ
602 2005 724 2080 ἀοιδάν,
741 2011 775 2069 nt
790 2005 966 2070 membrum
990 2004 1071 2069 illud
1091 2004 1221 2088 evadat,
1241 2004 1327 2087 quod
1345 2024 1505 2091 persaepe

333 2111 500 2196 periodum
525 2111 773 2177 choriambicam
798 2112 929 2195 claudit,
953 2153 977 2162 -
989 2136 1138 2164 υυυυυ
1159 2123 1195 2179 ”.
1231 2112 1372 2196 speciem
1396 2119 1505 2178 autem

333 2220 469 2304 praebet
505 2219 654 2303 glyconei
690 2219 967 2304 polyschematisti
1005 2219 1059 2300 qui
1096 2219 1261 2304 dactylum
1296 2220 1399 2304 primo
1434 2219 1504 2284 loco

333 2328 432 2393 habet
461 2327 659 2411 catalectici;
691 2347 729 2391 ac
759 2347 917 2412 persaepe
952 2328 997 2392 ita
1032 2327 1207 2392 choriambi
1240 2333 1272 2391 et
1304 2326 1404 2391 iambi
1432 2345 1503 2392 sese

334 2436 507 2520 excipiunt,
532 2443 567 2500 nt
589 2436 714 2520 species
737 2435 923 2519 systematis
946 2435 1185 2518 glyconeorum
1204 2433 1503 2519 polysehematisto-

332 2564 402 2607 runi
427 2543 556 2627 evadat,
581 2543 668 2608 velut
691 2544 729 2609 V.
755 2565 784 2609 v.
805 2544 866 2608 531
893 2544 1006 2626 sqq.¹),
1031 2541 1085 2606 ubi
1109 2543 1295 2606 6·2·2·2·
1328 2541 1502 2606 choriambi

333 2650 516 2734 decurrunt,
541 2649 689 2716 videntur
706 2650 876 2714 decurrere
901 2651 1014 2714 3·1·1
1030 2654 1086 2712 ·1·
1118 2649 1268 2733 glyconei
1284 2649 1505 2734 polyscbema-

333 2757 399 2822 tisti
416 2757 470 2838 qni
492 2757 657 2841 dactylum
678 2757 782 2840 primo
803 2756 874 2819 loco
898 2755 1027 2821 habent.
1065 2756 1241 2820 membrum
1265 2755 1344 2820 illud
1368 2753 1504 2840 pseudo-

333 2863 525 2947 glyeoneum
549 2863 645 2928 etiam
668 2864 708 2930 N.
732 2885 762 2929 v.
787 2864 851 2927 813
874 2865 1003 2942 ταχέως·
1039 2866 1124 2942 φιλεῖ
1139 2863 1200 2941 γάρ
1222 2883 1292 2940 παις
1315 2864 1354 2926 τὰ
1376 2863 1498 2926 τοιαῦθ’

333 2971 424 3053 ἑτέρᾳ
447 2972 618 3048 τρέπεσθαι
643 2969 759 3034 clarius
783 2969 860 3034 mihi
884 2969 1010 3034 elucere
1033 2967 1171 3052 videtur,
1197 2989 1292 3049 quarn
1317 2975 1351 3032 ut
1374 2968 1504 3052 neglegi

333 3064 461 3143 debeat.
508 3076 638 3160 ¹itaque
677 3076 723 3142 sic
766 3095 915 3142 numeros
959 3075 1199 3141 distribuendos
1242 3095 1313 3140 esse
1356 3095 1504 3140 censeam

550 3207 600 3234 υ-
625 3208 678 3234 -υ
696 3208 748 3235 υ-
780 3185 910 3266 υ-ΡἈ)
925 3201 1029 3264 neque
1042 3181 1201 3248 assentior
1216 3182 1505 3279 Wilamowitzioh,

333 3288 388 3370 qui
420 3289 466 3353 sic
501 3287 662 3354 distribuit
698 3313 814 3340 ww
851 3331 946 3338 --—
982 3312 1134 3340 υυ-υυ
1171 3314 1303 3369 -υ--,
1338 3307 1398 3352 nee
1433 3307 1504 3353 curn

289 3451 290 3456 ,
333 3395 446 3484 eodem
471 3395 716 3460 Wilamowitzio
770 3398 809 3462 N.
844 3419 872 3462 ν.
904 3397 969 3461 933
1000 3415 1047 3476 sq.
1079 3395 1234 3474 ὁπότερος
1264 3395 1373 3458 αὐτοῖν
1403 3395 1505 3470 λέγων

333 3502 471 3580 ἀμείνων
501 3505 680 3581 φανήσεται
713 3503 822 3568 deleta
851 3524 930 3569 voce
963 3505 1064 3579 λέγων
1094 3503 1281 3567 trochaeum
1312 3502 1394 3567 inter
1424 3501 1505 3567 duos

332 3609 457 3675 iambos
473 3609 613 3692 positum
626 3610 828 3675 efficiendum
846 3630 916 3676 esse
932 3618 1021 3695 puto.
1047 3609 1217 3674 emendare
1232 3629 1357 3674 versum
1369 3627 1504 3690 nequeo.

335 3755 372 3766 --
400 3722 528 3783 certum.
546 3716 707 3798 quoddam
733 3718 864 3783 schema
880 3717 1014 3782 efficitur
1038 3724 1104 3781 tum
1124 3737 1196 3780 eum
1220 3717 1361 3782 iambum
1377 3735 1505 3800 semper

333 3823 476 3905 sequitur
499 3823 712 3909 choriambus,
737 3825 826 3889 velut
848 3824 886 3890 L.
911 3847 940 3890 v.
967 3826 1029 3889 321
1057 3844 1145 3906 sqq.:

440 4056 463 4124 ¹)
483 4055 529 4110 De
549 4071 580 4109 re
600 4057 704 4110 critica
723 4073 751 4109 ν.
771 4057 938 4127 proximam
959 4057 1112 4126 paginam.

439 4148 464 4213 ²)
485 4146 532 4199 lta
551 4151 586 4200 ut
604 4147 713 4212 ταχέως
733 4147 913 4216 bisyllaburn
934 4148 985 4212 sit3
1005 4161 1105 4215 neque
1129 4161 1263 4215 unquam
1284 4146 1423 4215 quamvis
1443 4147 1504 4200 leni

333 4237 508 4290 coniectura
528 4237 613 4300 ταχὺς
633 4235 823 4290 scribendum
851 4243 904 4289 cst.
942 4239 966 4290 si
992 4253 1064 4289 vero
1089 4238 1176 4290 nimis
1204 4236 1323 4289 subtilis
1343 4237 1392 4301 sis,
1412 4237 1504 4289 ctiam

331 4325 522 4394 trisyllabum
543 4339 610 4378 esse
629 4330 726 4395 putes,
746 4331 780 4378 ut
803 4327 884 4395 prior
903 4327 994 4380 iambi
1018 4327 1111 4378 thesis
1130 4326 1249 4380 duabus
1272 4326 1416 4378 brevibus
1436 4341 1505 4378 con-

333 4421 400 4482 stet,
420 4413 501 4482 quod
521 4413 685 4467 certissimo
706 4416 843 4484 exemplo
863 4415 1035 4469 defenditur
1059 4415 1090 4468 E.
1111 4432 1138 4467 r.
1158 4415 1211 4467 940
1231 4416 1368 4480 ἀνάσιμον
1387 4415 1404 4480 ἢ
1424 4430 1504 4480 πρες-

333 4502 454 4568 βυτέραν
475 4524 505 4546 =
527 4501 568 4556 44.

440 4591 462 4657 ³)
483 4590 535 4643 Ph.
556 4591 590 4645 U.
611 4591 653 4644 IX
673 4592 732 4645 136.
