3316 5406
629 497 825 616 99-

142 765 205 809 non
238 764 334 809 unum
367 765 507 829 carmen,
541 745 598 811 scd
631 746 760 829 singula
794 747 938 812 carmina
970 754 1054 813 sunt.
1101 746 1247 812 similiter
1271 746 1312 811 de

142 851 181 916 V.
206 872 236 922 v.
261 852 325 916 129
348 870 418 933 sqq.
443 850 484 915 de
499 852 540 918 N.
557 874 588 918 v.
606 853 671 917 700
694 871 764 934 sqq.
790 852 831 918 de
855 854 894 920 T.
912 857 942 919 ν’.
960 854 1026 918 949
1042 873 1112 936 sqq.
1138 852 1179 918 de
1196 853 1312 919 Avium

142 956 247 1022 exodo
272 956 313 1022 de
335 958 501 1023 [tanarum
524 957 647 1043 paredo
671 958 880 1025 iudicandum
905 965 962 1026 991.

249 1064 363 1130 Restat
387 1083 468 1130 unus
491 1065 592 1149 locus,
611 1064 667 1130 ubi
683 1074 892 1152 exspectatur
908 1066 1128 1151 amoebaeum,
1153 1066 1313 1132 invenitur

143 1171 305 1236 eboricum
328 1171 470 1256 119913,
494 1170 549 1236 ubi
573 1171 721 1238 abierunt
736 1172 813 1239 Cleo
830 1181 863 1238 91
878 1173 1099 1257 Agoracritus,
1123 1179 1157 1239 ut
1181 1174 1313 1240 oracula

141 1299 201 1345 sua
232 1278 379 1345 afferant.
426 1278 547 1344 Demus
578 1278 610 1343 in
642 1300 740 1345 scena
769 1280 932 1347 remansit.
979 1287 1122 1346 attamen
1152 1281 1313 1363 equitibus

141 1385 267 1451 laetitia
291 1385 526 1452 exsultantibus
549 1386 692 1452 nondum
716 1387 864 1452 accinere
889 1395 1004 1473 pot-cst,
1030 1388 1106 1470 quia
1134 1408 1185 1454 res
1216 1388 1312 1454 etiam

141 1493 174 1558 in
199 1492 384 1558 discrimine
409 1500 467 1559 ost.
515 1493 573 1559 sed
596 1493 700 1559 altera
729 1494 823 1560 buius
854 1494 973 1560 chorici
1005 1495 1088 1560 ratio
1112 1496 1212 1562 latere
1236 1495 1313 1560 mibi

142 1600 281 1685 videtur,
305 1620 410 1682 neque
434 1620 475 1666 ex
498 1601 570 1686 ipso
601 1601 752 1687 carmine,
785 1601 844 1667 sed
873 1602 981 1687 potius
1010 1623 1029 1668 e
1059 1609 1176 1687 poetae
1206 1610 1313 1668 mente

143 1705 330 1792 repetenda.
376 1706 524 1772 variandi
541 1709 625 1773 enim
644 1727 743 1774 causa
766 1709 922 1774 hocloco
946 1709 1109 1775 ehericum
1132 1730 1190 1795 pro
1207 1730 1312 1775 amoe-

141 1815 225 1879 11999
256 1815 395 1898 positum
424 1834 495 1880 9999
521 1822 615 1900 puto,
649 1815 725 1897 quia
753 1837 882 1882 carmen
912 1816 998 1900 quod
1028 1819 1171 1899 sequitur
1198 1819 1311 1901 (1111)

142 1921 353 1986 amoebaeum
377 1928 426 1986 est
450 1922 548 2006 plane
571 1921 666 1987 simili
689 1923 761 1988 loco
792 1930 824 1989 et
854 1923 897 1988 ad
929 1923 1066 1989 eundem
1096 1924 1191 1989 finem
1215 1917 1313 2007 919119

141 2028 176 2093 id
200 2027 287 2110 quod
310 2027 474 2094 antecedit
497 2028 662 2114 insertum,
679 2050 724 2096 sc.
742 2030 785 2095 ad
801 2032 951 2095 lacunam
970 2030 1179 2116 explendam;
1196 2031 1313 2097 absunt

143 2135 226 2201 enim
258 2136 341 2199 1111
377 2134 454 2200 Oleo
493 2142 525 2200 et
563 2137 788 2223 Agoracritus,
822 2146 858 2202 ut
895 2138 1030 2204 bellaria
1068 2159 1127 2204 sua
1161 2139 1318 2223 afferant„

143 2244 263 2308 Demus
288 2242 452 2308 remansit.
499 2243 614 2308 eadem
637 2244 785 2309 variandi
809 2245 892 2310 ratio
916 2246 1048 2312 subesse
1078 2244 1154 2310 mibi
1185 2245 1313 2311 videtur

143 2349 272 2416 eborico
303 2350 331 2413 A
367 2349 431 2415 836
463 2351 581 2434 (potuit
610 2350 694 2416 enim
723 2352 930 2437 Dicaeopolis
957 2373 1122 2418 remanere
1152 2353 1185 2417 in
1215 2373 1313 2418 scena

143 2465 175 2523 et
199 2457 297 2522 choro
321 2455 521 2540 concinere);
546 2477 620 2522 nam
652 2478 782 2522 carmen
815 2458 901 2540 quod
925 2459 1069 2541 sequitur
1093 2461 1184 2541 (929)
1217 2457 1312 2523 simili

143 2564 213 2628 loco
238 2563 390 2628 insertum
421 2564 631 2629 amoebaeum
662 2572 720 2632 est.
768 2564 880 2631 similis
911 2565 1059 2631 variandi
1089 2564 1172 2631 ratio
1202 2564 1312 2650 paullo

141 2671 226 2735 infra
248 2669 340 2736 nobis
364 2677 511 2736 occurret
534 2670 567 2735 in
590 2672 734 2737 carmine
758 2672 787 2737 R
811 2672 877 2736 534
896 2703 932 2730 =
952 2675 1006 2738 90.

247 2777 467 2843 Amoebaeum
491 2777 574 2843 inter
603 2778 717 2844 choros
748 2778 892 2843 habitum
922 2779 1082 2844 invenitur
1105 2780 1133 2844 V
1157 2780 1232 2861 291,
1257 2779 1312 2844 ubi

142 2882 233 2969 pueri
262 2905 283 2949 a
320 2883 451 2950 senibus
482 2883 604 2967 aliquid
639 2888 752 2970 petunt
784 2892 815 2950 91
844 2884 1054 2952 dimittuntur.
1102 2885 1242 2968 denique
1271 2906 1312 2951 ne

142 2992 204 3057 boc
227 2991 357 3074 quidem
381 2991 616 3076 neglegendum
642 3000 691 3059 cst
714 2999 856 3059 actorem
881 3014 943 3058 non
967 3013 1025 3078 per
1049 3000 1151 3058 totum
1174 3000 1311 3077 tempus,

142 3119 205 3181 quo
229 3118 359 3164 carmen
384 3106 550 3184 cantatur,
578 3099 695 3166 adesse
723 3100 859 3182 debere,
890 3100 977 3182 quod
1005 3108 1096 3186 patet
1125 3121 1166 3166 ex
1197 3102 1222 3166 P
1246 3101 1312 3166 939

144 3237 180 3264 =
202 3206 297 3272 1023.
345 3226 419 3270 nam
457 3228 486 3273 v.
513 3207 599 3271 1033
623 3208 795 3292 Trygaeus
827 3207 906 3291 abit,
941 3214 976 3280 ut
1009 3228 1152 3273 mensam
1185 3208 1311 3291 afferat,

143 3336 173 3381 v.
207 3313 292 3378 1038
323 3332 388 3377 una
417 3332 490 3377 oum
520 3334 624 3398 servo,
661 3314 715 3396 qui
749 3314 910 3380 victimam
941 3315 1045 3399 affert,
1075 3314 1169 3380 redit.
1216 3314 1313 3379 etiam

141 3443 171 3487 v.
196 3420 350 3486 943-47
376 3419 490 3486 abesse
514 3422 700 3505 Trygaeum
724 3421 897 3488 verisimile
921 3428 980 3506 est,
1005 3427 1040 3486 ut
1067 3421 1312 3487 instrumentum

140 3525 292 3594 sacrificii
315 3527 431 3592 afferat
455 3526 509 3611 (cf.
534 3549 563 3593 v.
588 3529 678 3611 948).

248 3634 397 3716 Denique
420 3633 462 3699 de
492 3635 531 3700 iis
561 3634 651 3719 locis,
682 3635 736 3700 ubi
766 3635 838 3721 plus
867 3636 931 3702 duo
961 3643 1088 3702 actores
1118 3656 1190 3700 cum
1215 3635 1311 3700 choro

141 3741 337 3806 carminibus
361 3747 496 3825 certant,
531 3740 687 3809 dicamus.
740 3761 848 3828 pauca
876 3743 1026 3827 exempla
1057 3750 1145 3808 certa
1173 3748 1312 3814 exstant.

143 3849 182 3913 V.
206 3847 385 3913 52691911
409 3867 538 3912 carmen
563 3847 614 3913 bis
630 3848 712 3914 binis
729 3856 874 3915 actorum
889 3849 1036 3916 versibus
1060 3849 1313 3934 interrumpitur,

144 3963 277 4036 quorum
300 3953 333 4019 in
356 3953 490 4040 stropha
513 3955 637 4039 priores
661 3957 755 4021 ambo
772 3955 1003 4040 Philoclconi¹)
1020 3955 1214 4042 posteriores
1229 3957 1312 4020 inter

141 4060 227 4124 hunc
250 4067 282 4126 et
305 4059 556 4146 Bdelycleonem
580 4061 803 4147 distribuendi,
828 4063 860 4128 in
884 4062 1084 4150 antistrophe
1109 4063 1203 4128 ambo
1227 4070 1311 4128 utro-

142 4166 240 4249 bique
273 4166 471 4233 Philoclconi
505 4167 666 4233 tribuendi
700 4176 783 4236 sunt.
830 4170 965 4254 R430,
999 4169 1054 4234 ubi
1088 4169 1238 4235 Bacchus
1271 4168 1312 4234 de

142 4274 288 4340 Plutonis
312 4273 474 4340 domicilio
499 4265 616 4342 certior
640 4275 684 4361 fit,
708 4277 871 4342 Xanthiae
896 4297 1008 4342 vocem
1024 4284 1123 4362 poeta
1138 4277 1315 4344 admodum.

250 4526 272 4593 1)
294 4524 532 4595 9111991199,
569 4488 700 4582 normae
729 4528 786 4582 vor.
806 4527 879 4581 x111
908 4545 958 4600 pg.
986 4528 1047 4597 mu,
1076 4529 1128 4597 qur
1148 4529 1190 4582 sm
1213 4544 1241 4581 v.
1261 4527 1314 4581 sao

141 4615 316 4670 emendavit
337 4615 407 4682 ἀτὰρ
428 4621 506 4685 φανῇ
527 4617 610 4681 ποῖός
628 4633 668 4680 τις
687 4617 742 4680 ὢν;
761 4616 839 4671 τοῦτ’
858 4619 930 4672 αὐτὸ
949 4619 1136 4686 παρακελεύῃ.
