3316 5406
637 495 833 567 ...3.-

154 698 203 766 his
223 695 417 764 carminibus
440 715 492 762 res
515 715 598 778 quae
618 703 758 780 aguntur
778 689 954 762 ‘maximam
977 687 1106 779 quidem
1129 703 1255 782 partem
1280 695 1321 762 ab

154 812 343 892 argumento
359 806 457 870 totius
472 803 603 868 fabulae
618 803 854 889 plane‘alienas
871 823 951 886 esse,
968 803 1001 867 id
1016 803 1102 885 quud
1118 803 1322 885 carminibus,

155 932 238 995 quae
254 913 358 978 scenis
374 911 456 975 inter
478 929 513 976 se
538 909 720 975 dividendis
736 910 922 994 inserviunt,
947 910 1149 995 aptissimum
1165 918 1224 975 est.
1249 929 1323 972 nam

155 1017 486 1084 inAindeav.843
509 1016 942 1082 etinAvindeav.14l3
967 1036 1039 1081 cum
1064 1016 1118 1081 alii
1141 1016 1232 1080 multi
1256 1022 1323 1080 turn

155 1127 350 1210 Cleonymus
362 1123 516 1208 illuditur,
533 1124 561 1188 L
576 1125 635 1188 781
652 1123 692 1188 de
704 1123 887 1189 Melanione
911 1130 942 1189 et
956 1125 1090 1188 Timone
1106 1107 1237 1188 fabulae
1253 1143 1325 1187 nar-

156 1242 275 1298 rantur.
320 1231 482 1317 praeludit
509 1232 600 1312 quasi
631 1229 772 1295 carmine
803 1229 903 1314 lyrico
934 1237 1032 1316 poeta
1055 1231 1084 1294 R
1109 1231 1188 1314 814;
1219 1247 1325 1311 neque

156 1339 240 1405 enim
262 1338 374 1405 verbis
394 1339 496 1403 solum
519 1337 736 1424 amplissimis,
761 1337 818 1404 sed
841 1337 938 1402 etiam
960 1337 1102 1402 numeris
1126 1335 1326 1420 gravissimis

157 1446 324 1531 (dactylis)
347 1465 445 1510 scena
461 1465 544 1527 quae
564 1445 707 1527 sequitur
732 1451 907 1529 (certamen
926 1445 1078 1530 Aeschyli
1100 1451 1132 1508 et
1147 1443 1326 1529 Euripidis)

158 1559 380 1640 praeparatur.
426 1552 469 1617 ad
486 1552 623 1617 eundem
642 1552 737 1616 finem
753 1571 852 1617 scena
868 1571 952 1634 quae
969 1551 1134 1617 antecedit
1157 1550 1327 1616 referenda

158 1667 208 1726 est
230 1660 305 1725 inde
329 1681 350 1724 a
372 1681 403 1726 v.
422 1659 496 1742 738,
521 1679 586 1741 qua
600 1658 761 1724 Xanthias
784 1659 826 1724 ab
844 1658 920 1725 Orci
935 1658 1066 1724 ostiario
1087 1657 1127 1722 de
1153 1657 1328 1723 certamine

160 1766 312 1850 Aeschyli
337 1772 368 1830 et
391 1757 566 1849 Euripidis,
591 1785 656 1847 qua
684 1764 725 1829 de
749 1785 849 1831 causa
879 1772 912 1829 et
942 1764 1101 1846 quomodo
1132 1765 1327 1847 instituatur,

160 1873 306 1938 ducetur,
322 1911 361 1921 —
379 1871 491 1938 similis
521 1879 571 1936 est
594 1872 711 1938 Avium
736 1891 835 1937 scena
857 1893 887 1938 v.
917 1872 1099 1954 1118-88,
1125 1891 1189 1953 qua
1212 1891 1330 1935 nevam

159 1979 267 2044 avium
299 1980 411 2044 urhem
444 1979 524 2044 deus
560 1978 688 2060 quidam
721 1978 881 2044 invasisse
915 1979 1096 2063 nuntiatur,
1132 1985 1165 2043 et
1201 1997 1330 2046 carmen

162 2087 277 2171 1189¹)
309 2086 416 2171 (oda),
447 2106 510 2168 quc
541 2105 618 2152 aves
648 2085 725 2151 belli
754 2086 867 2150 timere
897 2084 1088 2170 perterritae
1119 2069 1244 2151 hostem
1276 2103 1330 2148 ex-

161 2201 322 2278 spectant3
361 2193 478 2258 deinde
510 2192 596 2258 Iride
631 2193 767 2277 expulsa
804 2198 847 2277 (v.
880 2193 1110 2276 1196-1‘261)
1141 2211 1218 2258 aves
1254 2211 1331 2274 gau·
1445 2199 1447 2204 ’

39 2350 41 2355 .
162 2301 238 2366 dent
261 2300 402 2366 carmine
429 2301 513 2365 1262
538 2298 695 2385 (ahtoda).
722 2339 761 2348 -—
788 2299 917 2366 chorico
941 2302 969 2365 A
993 2300 1058 2365 366
1081 2298 1266 2364 Lamachus
1290 2298 1331 2362 ab

162 2409 263 2473 altero
287 2407 482 2472 hemichcric
498 2407 618 2472 auxilio
643 2415 787 2491 vocatur,
805 2407 891 2489 quod
911 2407 954 2472 ad
972 2416 1042 2472 rem
1058 2427 1154 2492 porro
1172 2405 1333 2489 agendam

165 2532 384 2598 necessarium
409 2538 487 2598 erat.
908 2612 910 2616 Ι

272 2638 409 2712 Recedit
437 2638 562 2721 chorus,
586 2645 621 2703 ut
649 2638 813 2703 actoribus
841 2638 980 2724 spatium
1010 2638 1177 2724 praebeat,
1206 2637 1235 2702 R
1258 2637 1334 2720 448,

167 2753 340 2828 antequam
364 2765 448 2811 nova
464 2765 516 2811 res
532 2752 659 2830 agatur,
677 2746 763 2827 quud
783 2745 879 2811 certis
897 2745 1003 2811 verbis
1020 2746 1139 2810 dictum
1158 2751 1206 2810 est
1223 2765 1252 2809 v.
1270 2744 1335 2808 448

167 2859 344 2934 χωρῶμεν.
364 2903 370 2916 .
389 2875 411 2937 .;
437 2860 486 2918 est
509 2860 616 2918 autern
644 2853 715 2918 finis
742 2853 869 2938 parodi.
916 2854 1033 2940 Accu
1061 2853 1177 2918 chorus
1200 2852 1336 2916 Dicaeo-

168 2960 268 3048 pclidi
292 2960 480 3045 Euripidem
504 2959 645 3044 adeunti,
678 2961 706 3024 V
732 2961 816 3026 1318
840 2959 1037 3026 Philocleoni
1066 2980 1138 3025 curn
1167 2957 1337 3024 Cercinitis

169 3068 324 3133 saltatura
356 3066 453 3132 cedit.
500 3066 644 3132 similiter
674 3066 715 3131 de
748 3068 777 3131 V
805 3069 866 3132 291
900 3066 1108 3133 iudicandum
1140 3066 1214 3150 erit,
1251 3065 1337 3148 qued

170 3193 297 3239 carmen
322 3173 366 3238 ad
384 3173 596 3239 removendos
617 3193 734 3258 pueros
751 3174 931 3240 adhibitum
948 3195 1019 3240 esse
1041 3181 1189 3259 apparet.
1227 3191 1337 3237 neces-

170 3281 265 3346 sitate
289 3279 387 3362 igitur
410 3280 561 3364 quadam,
587 3280 663 3362 quia
686 3281 802 3346 chorus
833 3301 896 3346 non
926 3281 987 3346 nisi
1019 3288 1153 3346 cantans
1185 3279 1339 3345 recedere

170 3394 287 3472 potest,
312 3393 444 3452 coactus
468 3393 566 3471 poeta
589 3406 717 3452 carmen
741 3387 792 3453 his
816 3388 894 3454 lucis
919 3387 1063 3454 inseruit!

278 3493 397 3558 Similis
427 3493 613 3578 necessitas,
644 3514 727 3576 quae
758 3493 862 3578 magis
892 3493 989 3559 etiam
1022 3495 1137 3576 elucet,
1167 3491 1341 3560 statuenda

116 3677 121 3682 ‚
173 3605 222 3667 est
256 3601 295 3665 iis
327 3599 422 3684 locis,
451 3600 505 3665 ubi
538 3619 590 3666 res
622 3600 771 3683 agendae
803 3608 859 3665 aut
891 3621 1052 3683 nunquam
1089 3600 1120 3665 in
1154 3619 1253 3666 scena
1286 3600 1341 3681 agi

173 3714 318 3791 pessunt,
342 3713 378 3770 ut
395 3706 559 3772 actionem
583 3707 771 3792 interrumpi
795 3726 928 3773 necesse
952 3707 1003 3792 sit,
1036 3715 1093 3772 ant
1116 3717 1250 3792 pessunt
1274 3709 1342 3790 qui-

174 3813 247 3879 dem
278 3813 335 3878 sed
370 3832 428 3878 eae
461 3820 548 3895 sunt,
583 3833 666 3895 quae
698 3813 840 3879 carmine
871 3813 963 3896 quasi
997 3813 1079 3879 duce
1110 3821 1238 3897 egeant.
1285 3814 1342 3879 sed

173 3919 316 4001 singulos
331 3920 421 3985 lucus
436 3919 614 4004 videamus,
636 3941 675 3986 ac
698 3921 834 4006 primurn
855 3919 984 4003 quidem
1001 3939 1067 4005 ecs,
1089 3921 1205 4003 quibus
1224 3921 1343 3986 lacuna

175 4028 368 4112 necessaria,
392 4033 428 4090 ut
451 4026 497 4092 ita
521 4027 637 4112 dicam,
662 4029 819 4113 expletur.

281 4135 319 4200 A.
344 4155 374 4200 v.
398 4135 482 4198 1143
505 4135 689 4202 Lamachus
713 4136 755 4200 ad
780 4135 909 4220 bellum,
934 4135 1141 4222 Dicaeopelis
1165 4136 1206 4200 ad
1231 4136 1344 4221 epulas

176 4240 304 4306 abeunt.
329 4240 464 4305 redeunt
478 4241 532 4306 ille
547 4241 674 4307 saucius
698 4264 728 4308 v.
748 4244 843 4327 1190,
868 4240 920 4306 hie
936 4250 1031 4328 pctus
1047 4265 1077 4309 v.
1100 4245 1196 4309 1198.
1220 4249 1346 4328 tempus

176 4348 274 4430 igitur
297 4347 496 4412 intercedere
520 4348 670 4433 debehat,
696 4369 758 4430 quo
783 4349 837 4414 ille
860 4369 1006 4436 pugnare
1022 4349 1074 4414 hic
1094 4356 1209 4434 potare
1225 4356 1345 4434 posset.

284 4563 306 4632 ¹)
326 4564 372 4620 De
391 4567 524 4620 numeris
544 4581 571 4618 v.
592 4581 661 4636 pag.
682 4565 723 4620 37.

1242 4653 1275 4708 1*
