3316 5406
845 555 1063 618 ..10-

366 755 471 830 caute,
495 756 529 813 01
551 735 743 813 facetiarum
766 747 888 831 aliquid
913 747 1096 833 adderetur,
1122 755 1220 832 atque
1243 748 1276 813 in
1299 749 1361 814 line
1385 749 1553 814 carminis

366 861 410 937 (v.
434 855 499 920 438
524 860 586 938 sq.)
610 853 768 938 adhibuit.
815 855 961 921 similiter
992 856 1030 923 Α.
1056 877 1085 923 v.
1110 857 1174 922 947
1206 855 1238 920 io
1266 857 1363 940 longo
1394 856 1551 922 carmine

367 960 456 1026 chori
480 981 520 1026 ac
543 961 786 1047 Dicaeopolidis
809 983 890 1028 unus
920 961 1055 1028 dimeter
1085 963 1198 1028 Boeoti
1228 962 1416 1031 immittitur.
1441 965 1481 1030 T.
1510 985 1550 1030 v.

368 1069 520 1134 710-13
548 1089 634 1153 vcro,
668 1088 749 1152 quos
783 1068 968 1136 Dindoriius
998 1069 1106 1135 nescio
1134 1090 1199 1152 qua
1222 1069 1264 1136 de
1288 1089 1388 1136 causa
1411 1070 1550 1136 mulieri

365 1175 489 1260 primae
523 1174 629 1260 dedit,
671 1197 693 1241 a
735 1175 848 1242 codice
883 1177 937 1260 (R)
977 1175 1075 1242 choro
1119 1177 1316 1260 tribuuntur,
1358 1185 1394 1243 ut
1434 1183 1549 1243 totum

366 1283 427 1346 hoo
460 1302 590 1348 carmen
622 1284 833 1349 amoebaeum
868 1284 951 1348 inter
985 1283 1116 1348 chorum
1151 1292 1183 1349 et
1215 1283 1447 1350 Mnesilochum
1483 1285 1546 1351 sit.

365 1388 463 1454 etiarn
485 1389 513 1454 L
536 1391 602 1455 959
626 1375 837 1455 amoebaeum
862 1397 927 1474 est;
952 1411 1026 1455 nam
1050 1412 1080 1458 v.
1104 1392 1171 1456 070
1193 1397 1305 1456 contra
1328 1390 1474 1457 codicem
1494 1393 1545 1477 R,

365 1497 419 1578 qui
443 1495 541 1562 choro
564 1497 732 1562 mulierum
756 1497 878 1581 tribuit,
903 1517 975 1562 cum
999 1498 1115 1563 ceteris
1139 1497 1287 1563 Oinesiae
1317 1498 1443 1566 dandus
1474 1507 1542 1571 est.

365 1603 504 1668 evitasse
527 1603 626 1687 igitur
648 1611 746 1688 poeta
769 1603 897 1669 videtur
920 1603 954 1668 id
977 1604 1065 1686 quod
1088 1625 1146 1670 nos
1169 1603 1306 1670 dicimus
1328 1605 1477 1670 ι’1011011
1502 1615 1543 1672 01

362 1709 546 1794 ‘Quartett';
577 1711 665 1776 velut
688 1711 718 1778 N
743 1712 817 1794 700,
850 1711 905 1776 ubi
937 1710 1100 1792 Socrates,
1133 1710 1188 1793 qui
1223 1717 1320 1776 antea
1352 1719 1385 1776 01
1419 1721 1542 1797 postea

364 1837 436 1881 cum
459 1817 647 1902 Strepsiade
671 1817 872 1902 colloquitur,
897 1825 993 1885 tacet.
1041 1817 1186 1884 similiter
1208 1819 1237 1883 u
1260 1821 1326 1884 534
1343 1853 1384 1876 =
1400 1822 1453 1904 90,
1478 1821 1539 1885 001

363 1923 479 1991 chorus
502 1925 639 2010 primum
663 1945 735 1990 cum
751 1925 892 2009 Baccho,
917 1925 1035 1991 deinde
1058 1945 1131 1990 cum
1154 1924 1299 1991 Xanthia
1322 1927 1537 1993 amoebaeum

362 2030 525 2098 decantat.
572 2032 671 2098 etiam
694 2033 719 2097 P
744 2033 809 2098 385
833 2031 950 2097 chorus
982 2040 1014 2097 01
1044 2033 1216 2117 Trygaeus
1244 2033 1425 2118 concinunt,
1450 2035 1537 2099 bler-

356 2138 470 2208 ,curius
493 2145 589 2207 tacet.

469 2247 594 2330 Restat,
606 2254 640 2311 ut
650 2247 691 2312 de
704 2246 743 2312 iis
757 2247 951 2312 carminibus
964 2266 1110 2331 agamus,
1125 2267 1208 2330 quae
1220 2247 1289 2313 sine
1302 2247 1400 2313 cboro
1413 2249 1455 2314 ab
1467 2269 1535 2315 uno

362 2360 418 2417 aut
442 2353 567 2419 duobus
591 2355 754 2419 actoribus
784 2361 964 2438 cantantur,
989 2354 1156 2420 monodias
1187 2354 1260 2419 dico
1291 2361 1324 2420 et
1353 2355 1536 2421 amocbaea

361 2467 516 2527 actorum.
563 2481 623 2526 nec
646 2461 760 2526 mirum
784 2460 878 2526 buius
902 2461 989 2525 modi
1016 2460 1172 2544 carmina,
1197 2461 1336 2544 quaein
1360 2462 1536 2546 tragoedia

360 2566 562 2652 potissimum
575 2567 695 2652 vigent,
708 2567 741 2631 in
754 2566 923 2632 comoedia
935 2567 1091 2652 parodiae
1103 2568 1291 2653 plerumque
1307 2567 1461 2633 inservire
1474 2568 1534 2633 im-

360 2671 471 2757 primis
488 2672 684 2758 Euripideae
700 2673 899 2758 tragoediae,
916 2681 1012 2756 atque
1028 2674 1067 2739 iis
1080 2695 1206 2759 semper
1221 2675 1301 2740 locis
1317 2673 1533 2754 intercedere,

359 2781 416 2845 ubi
439 2780 644 2846 vehementer
660 2788 837 2846 commotus
853 2780 970 2862 aliquis
986 2789 1041 2846 aut
1056 2789 1174 2847 sortem
1191 2803 1282 2847 suam
1306 2782 1450 2864 queritur
1473 2791 1534 2848 ant

361 2887 484 2972 gaudet
500 2897 557 2955 ant
569 2888 648 2954 deos
660 2889 865 2974 imprecatur.
890 2895 1060 2973 praeterea
1072 2889 1195 2953 numeri
1207 2909 1335 2974 semper
1346 2909 1451 2974 paene
1466 2897 1533 2954 tra-

359 2994 509 3076 goediam
525 2995 685 3078 redolent3
699 2995 949 3076 frequentissimi
963 3002 1036 3060 sunt
1050 2994 1218 3079 anapaesti
1234 3002 1336 3077 atque
1348 2995 1369 3058 ii
1387 2994 1532 3078 quidem,

360 3121 494 3184 quorum
529 3101 637 3167 theses
671 3102 802 3185 longae,
836 3101 918 3167 arsis
950 3102 1127 3166 alterautra
1162 3102 1268 3166 soluta
1301 3109 1360 3168 est.
1405 3103 1433 3166 V
1463 3103 1529 3168 317

359 3207 523 3274 Plriloclco
547 3208 712 3273 iudicandi
736 3207 963 3292 cupidissimus
988 3230 1009 3273 a
1031 3208 1096 3272 lilio
1114 3208 1199 3272 domi
1223 3215 1365 3274 retentus
1385 3207 1532 3290 queritur

309 3333 313 3340 ·
358 3316 497 3382 numeris
526 3315 700 3381 admodum
732 3314 864 3397 tragicis
894 3315 1013 3399 usus¹).
1061 3315 1205 3380 similiter
1234 3317 1421 3400 anapaestis
1451 3337 1530 3382 usus

358 3422 653 3488 Ρ11110010011750
676 3444 696 3487 a
717 3421 814 3487 cboro
839 3428 870 3486 et
893 3422 958 3486 filio
979 3428 1155 3506 temptatus
1177 3423 1382 3503 conqueritur
1405 3421 1530 3487 maiore

358 3549 429 3594 eum
454 3530 560 3596 studio
584 3529 848 3612 consuetudinem
871 3550 963 3595 suam
987 3528 1166 3614 amplexus,
1190 3530 1220 3596 N
1241 3529 1304 3594 718
1321 3527 1529 3613 Strepsiades

356 3658 377 3701 a
398 3635 564 3701 cimicibus
585 3642 722 3704 vexatus
739 3638 888 3718 querelas
910 3637 1021 3719 quales
1037 3635 1113 3702 Eur.
1131 3636 1210 3702 Hec.
1231 3635 1292 3699 162
1313 3634 1527 3718 inveniuntur,

358 3742 502 3809 effundit.
550 3744 578 3806 T
604 3745 689 3810 1015
719 3743 936 3809 Mnesilochus
960 3743 1086 3808 vinctus
1117 3748 1235 3806 sortem
1266 3761 1357 3807 suam
1388 3761 1528 3824 conque-

356 3851 436 3914 ritur
451 3850 692 3916 Andromedam
708 3850 848 3935 imitans,
860 3871 920 3916 nec
932 3851 1033 3915 verba
1047 3851 1150 3915 solum
1166 3856 1198 3914 01
1213 3849 1335 3914 nruueri
1353 3848 1464 3931 (iambi
1479 3869 1526 3915 sc.

354 3956 464 4022 multis
484 3956 629 4023 thesibus
651 3957 849 4042 suppressis3
867 3955 1027 4022 2baccbii
1048 3957 1132 4021 enim
1153 3955 1356 4021 inveniuntur
1377 3978 1407 4022 v.
1429 3957 1526 4040 1019,

355 4064 510 4130 bacchius
546 4084 619 4129 cum
653 4062 864 4149 ithyphallico
899 4085 930 4129 v.
968 4065 1051 4129 1047
1085 4089 1102 4116 υ
1123 4103 1147 4114 η-
1163 4103 1184 4114 -
1200 4103 1226 4112 —
1242 4088 1261 4115 υ
1278 4105 1299 4112 -
1317 4071 1336 4116 0
1356 4103 1382 4112 -
1397 4087 1433 4146 υ,
1449 4083 1525 4128 000-

356 4171 454 4237 clasis
492 4171 616 4237 occurit
638 4160 684 4238 u.
725 4173 810 4237 1046
838 4215 860 4221 -
880 4197 898 4224 υ
915 4197 934 4224 υ
956 4213 989 4238 -.
1011 4169 1013 4176 ’
1032 4172 1126 4236 finem
1165 4171 1288 4236 faciunt
1327 4171 1527 4255 dactyloepi-

354 4279 430 4363 triti,
452 4279 485 4343 in
502 4280 617 4362 quibus
634 4279 683 4344 bis
705 4301 735 4345 v.
760 4280 845 4344 1054
860 4279 995 4344 recurrit
1016 4265 1192 4344 membrum
1213 4278 1294 4343 illud
1308 4302 1494 4330 υυυυυ
1514 4283 1525 4361 )

355 4394 387 4452 01
411 4385 508 4451 animi
533 4384 661 4451 affectio
686 4386 875 4470 tragoediae
899 4407 1019 4453 morem
1049 4386 1225 4471 adlectant,
1250 4385 1309 4451 sed
1332 4386 1429 4450 etiam
1452 4385 1526 4470 ipsa

461 4619 773 4692 quamam
