3316 5406
612 548 831 626 hill-'-

453 761 472 837 ἡ
497 758 535 834 δ’,
559 759 646 822 ἐστὶν
668 759 730 836 γὰρ
754 756 807 820 ἀπ’
830 756 971 820 εὐκτίτου

507 865 642 943 Λέσβου,
666 867 723 942 τὴν
748 867 803 943 μὲν
827 865 904 942 ἐμήν
928 862 1037 940 κόμην,

508 977 600 1052 λευκὴ
625 974 695 1052 γάρ,
719 974 964 1052 καταμέμφεται,

507 1081 589 1158 πρὸς
613 1079 640 1143 δ’
665 1079 761 1144 ἄλλον
783 1082 854 1143 τινὰ
877 1079 987 1158 χάσκει

149 1212 180 1267 et
198 1205 233 1270 tr.
255 1208 284 1286 2,
308 1206 363 1270 uhi
386 1193 468 1269 terni
492 1211 525 1268 et
540 1203 628 1286 quini
652 1203 802 1288 glyconei
825 1199 1168 1286 singulissystematis
1191 1200 1305 1264 inclusi

145 1310 280 1393 singulas
304 1311 454 1396 strophas
478 1311 633 1376 efficiunt:

455 1435 540 1500 ὦναξ
564 1435 590 1519 ᾧ
615 1434 758 1513 δαμάλης
776 1433 883 1512 Ἔρως

510 1543 560 1605 καὶ
586 1540 715 1620 Νύμφαι
740 1543 938 1615 κυανώπιδες

509 1649 676 1728 πορφυρέη
697 1647 726 1740 τ’
749 1647 924 1726 Ἀφροδίτη

457 1775 699 1850 συμπαίζουσιν·
724 1773 929 1851 ἐπιστρέφεαι
954 1769 981 1834 δ’

510 1881 643 1960 ὑψηλῶν
668 1881 812 1958 κορυφὰς
836 1879 948 1956 ὀρέων,
1028 1895 1029 1898 ’

510 1988 684 2064 γουνοῦμαί
708 2002 755 2048 σε·
780 1987 821 2048 σὺ
846 1983 873 2048 δ’
897 1985 1029 2063 εὐμενὴς

511 2093 574 2158 ἔλθ’
598 2095 679 2172 ἡμῖν,
703 2093 931 2172 κεχαρισμένης
955 2090 982 2154 δ’

512 2201 652 2279 εὐχωλῆς
676 2199 851 2263 ἐπακούειν.

461 2397 643 2481 Κλευβούλῳ
668 2395 695 2460 δ’
720 2395 842 2473 ἀγαθὸς
865 2397 957 2470 γενεῦ

513 2505 702 2584 σύμβουλος·
726 2503 783 2568 τὸν
806 2503 882 2580 έμδν
907 2502 935 2566 δ’
961 2499 1052 2579 ἔρωτ’

513 2611 539 2674 ὧ
563 2612 710 2674 Δεύνυσε
734 2611 891 2689 δέχεσθαι.

28 2742 29 2791 l
136 2735 271 2802 alterius
302 2736 453 2820 strophae
484 2736 565 2801 haee
594 2735 682 2821 prior
711 2741 835 2800 tantum
859 2755 935 2818 pars
960 2737 1075 2798 exstat.
1123 2739 1172 2797 est
1202 2736 1310 2821 autem

28 2912 30 2938 ,
135 2843 202 2907 hoc
226 2843 406 2926 exemplum
434 2841 627 2908 simillimum
657 2841 891 2926 Aristophaneo
922 2839 976 2904 illo
1006 2839 1057 2920 Eq
1090 2841 1190 2924 1111,
1221 2837 1309 2921 quod

29 2953 30 2956 ’
136 2969 241 3034 supra
263 2949 430 3034 descripsi.
477 2956 574 3031 atque
597 2950 669 3033 ipsa
698 2947 780 3013 haec
810 2967 861 3013 res
891 2946 934 3011 ad
965 2966 1037 3011 eum
1065 2966 1160 3028 quem
1189 2946 1309 3011 fontem

28 3092 33 3130 ι
136 3058 276 3121 alterum
300 3055 486 3121 comoediae
507 3077 582 3131 esse
595 3056 813 3139 cognovimus,
831 3075 888 3119 nos
906 3053 1039 3138 reducit,
1064 3073 1194 3118 carmen
1209 3073 1310 3138 popu-

136 3164 208 3228 lare
234 3161 315 3246 dieo,
340 3162 391 3226 cui
415 3151 595 3246 proximum
619 3168 667 3226 est
684 3181 812 3226 carmen
829 3159 1030 3225 amatorium.
1060 3158 1124 3223 huc
1139 3159 1311 3225 referenda

30 3320 31 3335 ,
138 3290 270 3352 quoque
294 3276 367 3334 sunt
390 3270 533 3334 earmina
555 3269 722 3354 nuptialia,
747 3287 831 3350 quae
861 3267 1028 3352 glyconeis
1059 3286 1214 3351 expressa
1242 3286 1310 3331 sae-

138 3379 214 3461 pius
239 3377 424 3460 reperimus,
455 3397 485 3442 v.
516 3396 571 3460 pg.
603 3376 655 3440 36.
702 3376 782 3439 κατὰ
809 3375 918 3453 στίχον
948 3391 1105 3454 nusquam
1136 3373 1311 3456 glyconeos

29 3475 30 3482 '
139 3483 322 3568 composuit
345 3482 587 3568 Aristophanes,

250 3606 433 3674 Notandum
458 3615 565 3672 autem
593 3613 642 3672 est
665 3605 793 3691 poetam
824 3606 856 3671 in
886 3604 1115 3690 componendis
1145 3603 1312 3688 glyconeis

141 3713 273 3779 diversa
296 3713 418 3778 ratione
441 3713 497 3798 uti,
523 3713 587 3778 alia
609 3712 665 3777 uhi
688 3713 867 3798 in‘parodo
895 3713 947 3800 vel
969 3712 1133 3797 parabasi,
1164 3711 1227 3775 alia
1258 3709 1312 3774 uhi

32 3909 33 3927 ,
119 3821 299 3903 singulari
329 3820 399 3884 loco
429 3822 569 3905 positum
599 3826 648 3885 est
678 3840 817 3886 carmen.
863 3840 937 3884 nam
965 3819 1048 3883 haee
1076 3817 1183 3883 omnia
1200 3835 1313 3902 ‘paene

142 3935 215 3992 sunt
232 3926 375 4008 carmina
392 3929 423 3995 ἐξ
439 3928 568 4007 ὁμοίων,
591 3934 646 3991 aut
662 3933 782 3992 certam
798 3927 933 3991 formam
949 3947 1027 4011 prae
1037 3946 1079 3991 se
1095 3925 1201 3990 ferunt
1218 3924 1312 4010 aab,

32 4093 33 4096 ,
144 4055 227 4116 quae
252 4056 273 4099 a
300 4035 529 4120 compositione
559 4035 616 4099 illa
646 4034 734 4100 haud
764 4034 860 4119 longe
892 4034 1000 4100 distat.
1047 4034 1163 4098 vam
1193 4033 1213 4096 2
1239 4032 1312 4095 bao-

144 4141 238 4208 chios
257 4141 351 4224 quasi
376 4142 552 4208 clausulam
578 4148 754 4224 sequuntur
779 4143 817 4206 2·
837 4141 995 4225 acephali,
1022 4139 1183 4205 deinde?
1205 4139 1313 4221 iambi,

146 4267 280 4329 quorum
304 4249 385 4314 alter
409 4250 635 4314 anaclomenus
659 4248 887 4334 (choriambus)
918 4248 1001 4312 alter
1022 4255 1073 4314 est
1097 4246 1330 4326 catalecticus„

147 4363 177 4418 et
201 4355 379 4440 acephalus
403 4356 628 4422 catalecticus:
1308 4361 1310 4366 '

406 4483 495 4561 φίλοι
518 4483 652 4560 τήκομαι
676 4484 733 4560 μέν

404 4590 500 4652 πάλαι
525 4590 577 4653 διὰ
601 4594 657 4667 τῆς
682 4589 763 4666 ὀπῆς
786 4588 874 4665 ὑμῶν
897 4587 1067 4651 ὑπακούων
1105 4669 1109 4676 Ι
