3316 5406
819 509 1040 586 ..427

829 755 870 823 lie
895 754 1028 823 creticis.

452 892 628 960 Trochaeis
652 893 764 958 affines
788 911 860 958 esse
890 891 1026 957 creticos
1056 891 1135 958 satis
1163 891 1229 959 iam
1251 900 1400 979 apparet.
1440 913 1518 976 quo·
1633 963 1638 974 ,

344 1000 439 1066 modo
463 1000 496 1064 hi
518 998 653 1083 numeri,
678 1019 758 1081 quos
781 1017 799 1064 e
822 997 924 1064 sacris
947 997 1075 1082 hymnis
1098 997 1265 1084 Delphicis
1294 1020 1397 1086 nuper
1420 1020 1516 1066 accu-

229 1165 231 1170 .
344 1107 446 1173 ratius
481 1107 690 1189 cognovimus
724 1106 793 1171 ‘usu
829 1103 922 1187 quasi
956 1110 1197 1171 contererentur
1231 1113 1329 1190 atque
1367 1106 1518 1191 vulgaria

344 1213 461 1280 sensim
485 1219 517 1278 et
541 1211 674 1277 humilia
696 1211 809 1276 tierent
833 1231 916 1294 quae
940 1212 1014 1276 olim
1037 1211 1152 1295 gravia
1182 1219 1214 1278 et
1247 1212 1317 1280 deis
1340 1213 1419 1299 ipsis
1443 1234 1517 1280 con-

344 1319 507 1386 venientia
531 1319 601 1385 visa
624 1319 741 1384 essent’
766 1318 840 1386 Wil.
865 1317 1057 1403 exposuit¹).
1103 1318 1162 1384 scd
1193 1339 1290 1386 verae
1314 1326 1413 1403 atque
1435 1321 1517 1386 anti-

345 1447 428 1510 quae
460 1432 597 1491 naturae
629 1423 751 1506 aliquid
784 1444 911 1509 semper
941 1431 1166 1510 servaverunt;
1200 1447 1275 1492 nam
1305 1426 1385 1493 satis
1419 1427 1516 1494 vehe-

344 1539 466 1599 menter
490 1552 617 1617 semper
647 1538 762 1597 sonant
785 1529 883 1596 etiarn
913 1531 948 1594 in
976 1529 1160 1616 comoedia,
1185 1532 1271 1614 quod
1292 1532 1411 1600 arsium
1443 1553 1516 1600 con-

345 1661 439 1707 cursu
474 1639 620 1706 efficitur.
675 1645 773 1722 atque
808 1659 845 1704 co
880 1639 1081 1724 potissimum
1115 1639 1186 1705 loco
1222 1637 1425 1724 adhibentur,
1461 1638 1517 1704 ubi

344 1747 465 1813 maiore
488 1747 520 1813 vi
544 1746 644 1812 utitur
667 1752 774 1832 poeta,
798 1745 831 1810 in
854 1745 978 1831 parodo
1002 1752 1099 1828 atque
1122 1753 1200 1830 tum,
1225 1764 1299 1810 cum
1321 1744 1369 1811 ira
1392 1744 1516 1811 inflam-

344 1862 451 1921 matus
483 1861 515 1920 et
548 1853 724 1920 ulciscendi
758 1853 986 1939 cupidissimus
1018 1852 1134 1919 chorus
1163 1852 1288 1918 hostem
1319 1851 1412 1935 quasi
1445 1873 1516 1939 per-

344 1981 481 2044 sequens
501 1960 545 2026 in
577 1980 706 2026 scenam
739 1959 876 2046 proruit,
909 1959 939 2024 Α
970 1959 1021 2041 Eq
1052 1959 1103 2026 hv
1135 1959 1173 2026 L.
1197 1966 1335 2042 augetur
1362 1957 1444 2024 haec
1466 1958 1516 2024 vis

344 2068 447 2133 altera
476 2066 541 2132 arsi
571 2067 686 2152 soluta,
719 2086 783 2149 qua
813 2085 848 2130 re
878 2065 1040 2150 cupiditas
1067 2064 1282 2151 persequendi
1311 2064 1432 2151 optime
1460 2064 1516 2131 de·

344 2175 496 2260 pingitur,
520 2174 609 2241 velut
632 2175 671 2242 A.
695 2194 725 2240 v.
749 2173 816 2238 230
838 2192 887 2254 sq.

474 2309 550 2373 κούκ
573 2308 685 2386 ἀνήσω
708 2308 782 2386 πρὶν
806 2307 845 2370 ἂν
869 2309 999 2385 σχοῖνος
1023 2309 1166 2370 αὐτοῖσιν
1191 2306 1379 2384 ἀντεμπαγῶ

473 2417 548 2493 ὀξὺς
572 2415 731 2493 ὀδυνηρὸς
755 2418 776 2498 †
800 2413 968 2489 ἐπίκωπος,
990 2411 1074 2495 ’ίνα’)

474 2525 592 2602 μήποτε
616 2525 762 2586 πατῶσιν
786 2520 829 2584 ἔτι
853 2521 911 2596 τὰς
934 2519 1012 2597 ἐμὰς
1036 2518 1204 2596 ἀμπέλους.

451 2671 580 2750 Cretici,
605 2673 720 2755 quibus
743 2671 876 2753 antiqua
907 2669 1075 2736 comoedia
1105 2670 1289 2736 abundasse
1320 2670 1458 2755 videtur,
1482 2672 1515 2736 in

344 2781 504 2866 prioribus
541 2779 660 2845 fabulis
698 2777 872 2844 admodum
905 2778 1089 2859 frequentes
1129 2782 1212 2844 sunt.
1259 2776 1377 2842 deinde
1409 2776 1515 2861 magis

343 2889 510 2972 magisque
534 2891 740 2970 evanescunt,
763 2883 810 2951 ita
833 2890 868 2949 ut
891 2882 1084 2969 posteriores
1107 2883 1237 2949 fabulae
1261 2884 1358 2968 plane
1382 2888 1514 2948 careant

345 2993 394 3060 his
410 2993 560 3062 numeris.
584 2993 616 3058 in
633 2990 904 3075 Acharnensibus,
924 2989 1029 3075 prima
1044 2989 1165 3074 fabula,
1183 2994 1297 3072 quater
1313 2987 1515 3074 reperiuntur

344 3101 422 3184 (208
441 3134 481 3156 =
498 3101 541 3166 23
574 3101 607 3164 in
630 3097 764 3184 parodo,
788 3097 854 3162 284
876 3127 913 3155 =
936 3095 1043 3181 335⁸),
1068 3096 1133 3161 665
1156 3128 1196 3152 =
1218 3097 1262 3161 92
1294 3094 1327 3160 in
1349 3095 1513 3180 parabasi,

344 3208 406 3272 971
427 3208 526 3272 :88
561 3206 593 3270 in
628 3203 781 3291 parabasi
816 3203 1038 3288 secundaria);
1078 3202 1110 3267 in
1145 3201 1331 3286 Equitibns,
1366 3203 1514 3287 proxima

343 3313 465 3398 fabula,
494 3314 592 3379 semel
621 3314 699 3397 (303
723 3314 766 3377 22
783 3344 824 3368 =
842 3311 884 3376 82
908 3312 950 3376 97
984 3309 1017 3375 in
1049 3309 1204 3396 parodo);
1235 3308 1312 3374 item
1341 3308 1374 3374 in
1398 3309 1514 3394 Vespis

344 3425 388 3502 (v.
411 3420 478 3485 410
501 3440 570 3502 sqq.
589 3452 630 3476 =
655 3419 697 3483 68
722 3423 820 3501 sqq.);
852 3416 1059 3501 singulariter
1082 3416 1114 3481 in
1137 3416 1261 3482 Avibus
1285 3421 1328 3501 (v.
1353 3417 1418 3482 333
1442 3436 1513 3498 sqq.

346 3557 382 3584 =
402 3527 445 3590 49
468 3546 538 3608 sqq.
563 3525 595 3590 in
619 3524 768 3610 parodo),
792 3525 846 3589 ubi
870 3522 1043 3608 singularis
1073 3543 1200 3607 quoque
1231 3524 1335 3590 forma
1363 3525 1513 3611 occurrit,

450 3757 473 3826 1)
492 3757 560 3812 Wil.
580 3773 685 3812 comm.
704 3764 789 3814 metr.
808 3759 822 3812 1
842 3775 892 3829 pg.
910 3757 926 3810 7
946 3773 989 3826 sq.

451 3846 473 3915 2)
493 3845 565 3900 Post
585 3847 728 3913 ὀδυνηρὸς
753 3849 864 3902 lacuna
890 3849 1036 3915 quattuor
1062 3845 1247 3914 syllabarum
1273 3845 1337 3898 hiat
1363 3849 1393 3898 et
1416 3845 1513 3899 adiec-

344 3936 440 3989 tlvum
461 3934 595 3989 eiusdem
614 3937 736 4004 generis
755 3940 786 3990 et
805 3950 897 3990 sonus
917 3934 1065 3988 excidisse
1084 3933 1331 3988 verisimillimum
1351 3938 1405 3989 est.

450 4023 473 4091 Β)
493 4023 526 4077 V.
547 4023 599 4077 338
618 4023 685 4077 libri
704 4024 852 4094 praebent
870 4022 940 4074 ἀλλὰ
958 4026 1010 4074 νῦν
1025 4020 1079 4086 λέγ’
1099 4020 1123 4074 εἴ
1140 4020 1185 4074 τοί
1200 4020 1371 4091 (Blaydesio
1391 4020 1512 4090 quidem

307 4151 309 4157 ,
344 4112 432 4179 teste)
462 4126 506 4165 σοι
536 4113 620 4174 δοκεῖ,
647 4112 700 4164 τόν
727 4127 759 4165 τε
791 4111 1011 4175 Λακεδαιμόνιον
1039 4109 1128 4162 αὐτὸν
1157 4111 1200 4164 ὅτι
1227 4115 1269 4179 τῷ
1294 4111 1395 4179 τρόπῳ
1412 4111 1513 4164 cocart

290 4229 292 4234 ·
343 4201 426 4267 φίλος
449 4201 506 4270 (R).
542 4200 604 4254 νυνί
639 4215 693 4254 scr.
723 4198 891 4272 Elmsleius.
925 4199 1084 4254 oflendunt
1111 4199 1205 4252 verba
1234 4213 1314 4268 quae
1341 4203 1513 4268 sequuntur

345 4291 419 4356 ,iam
440 4289 532 4358 dicas,
551 4290 575 4343 sl
596 4289 649 4343 tibi
668 4288 775 4358 placet,
795 4289 892 4358 ipsum
905 4287 1180 4343 Lacedaemonium
1199 4292 1329 4342 naturae
1349 4292 1421 4342 tuae
1440 4289 1512 4343 ami-

343 4395 411 4432 cum
432 4377 523 4432 esse.“
544 4393 644 4447 neque
664 4377 743 4430 enim
763 4376 819 4430 hoc
832 4375 1024 4447 Dicacopolis
1037 4382 1128 4430 antea
1142 4375 1279 4431 dicturus
1292 4380 1367 4444 erat,
1385 4375 1438 4430 sed
1450 4393 1511 4446 quo

343 4471 431 4538 pacto
452 4482 520 4521 cum
539 4464 788 4521 Lacedaemoniis
808 4464 915 4519 foedus
934 4465 1057 4519 fecisset
1076 4466 1124 4533 (cf.
1143 4481 1171 4519 v.
1191 4463 1251 4518 292.
1271 4463 1344 4528 306).
1383 4455 1511 4520 scriben-

344 4557 415 4611 dum
433 4556 529 4627 igitur
547 4561 593 4610 est
613 4571 680 4611 cum
700 4554 837 4610 Kaibelio
858 4555 911 4624 οίῳ
929 4556 1029 4624 τρόπῳ
1049 4554 1150 4609 σούστὶ
1175 4554 1266 4622 φίλος.
1293 4583 1326 4592 —-
1350 4554 1403 4610 sed
1428 4555 1512 4610 aliud
