3316 5406
826 513 1045 580 „15-

350 707 437 794 quod
460 709 595 776 recurrit
618 717 715 793 atque
738 709 771 775 id
796 711 828 778 ἐξ
851 711 973 789 ὁμοίων
996 711 1021 776 Ρ
1045 711 1140 777 1329.
1179 716 1278 793 atque
1301 730 1342 778 ex
1367 709 1451 796 ipsis
1481 709 1544 773 his

349 816 476 884 duobus
510 817 697 884 comoediae
731 817 874 884 fontibus
909 857 952 866 -
987 836 1117 884 carmen
1154 817 1280 884 sacrale
1315 816 1389 882 dieo
1426 825 1545 899 atque

350 924 504 1008 imprimis
534 924 567 989 id
598 923 684 1007 quod
708 923 829 988 Bacchi
860 923 892 988 in
924 924 1074 990 honorem
1104 924 1298 989 cantabatur
1329 929 1361 988 et
1391 943 1544 989 carmen

351 1031 507 1116 populare
538 1075 578 1086 -
611 1031 767 1097 rationem
798 1031 886 1095 illam
916 1031 1061 1096 carmina
1091 1031 1123 1098 ἐξ
1153 1030 1275 1110 ὁμοίων
1308 1028 1542 1114 componendi
1634 1050 1635 1076 r

350 1137 482 1203 fluxisse
504 1137 588 1203 inter
611 1156 721 1203 omnes
740 1147 888 1204 constare
905 1137 981 1202 mihi
998 1137 1167 1221 videtur¹).
1205 1137 1247 1202 ad
1265 1135 1398 1204 eosdem
1417 1137 1543 1202 fontes

350 1243 537 1309 referendos
560 1264 631 1310 esse
647 1250 726 1329 puto
744 1265 856 1310 versus
879 1243 951 1310 illos
967 1243 1142 1329 breviores,
1159 1264 1240 1327 quos
1262 1246 1345 1310 inter
1360 1243 1542 1327 longiores

350 1350 501 1437 periodos
531 1371 604 1416 cum
634 1351 716 1417 alias
746 1359 813 1416 turn
843 1353 875 1416 in
906 1353 1046 1418 carmine
1077 1353 1109 1418 ἐξ
1140 1353 1261 1432 ὁμοίων
1291 1353 1388 1416 inseri
1418 1351 1541 1416 solere

351 1458 500 1524 vidimus.
539 1457 582 1522 ad
606 1457 736 1522 eosdem
760 1457 865 1523 fontes
888 1457 960 1523 illos
985 1457 1079 1542 redit,
1102 1458 1189 1540 quod
1210 1456 1372 1524 interdum
1394 1456 1541 1522 ultimus

351 1565 506 1646 cuiusque
529 1563 683 1648 strophae
706 1585 819 1630 versus
850 1563 938 1630 idem
967 1571 1142 1650 repetatur,
1174 1585 1270 1648 quem
1303 1583 1361 1628 nos
1386 1562 1540 1627 dicimus

349 1670 510 1756 ‘Refrain’,
541 1672 629 1736 velut
658 1671 687 1736 R
718 1672 800 1738 399:
829 1671 927 1751 Ἴακχε
966 1672 1178 1752 φιλοχορευτὰ
1215 1672 1447 1749 συμπρόπεμπέ
1480 1691 1539 1748 με.

350 1779 437 1844 idem
467 1777 518 1843 his
548 1777 688 1842 occurrit
715 1777 748 1842 in
778 1777 1068 1863 paraclausithyris
1098 1777 1162 1842 illis
1192 1777 1220 1841 E
1252 1798 1281 1843 v.
1312 1777 1377 1842 958
1409 1796 1458 1858 sq.
1488 1808 1534 1834 =

351 1886 416 1951 966
439 1904 488 1965 sq.
513 1906 542 1949 v.
567 1884 781 1968 9712915,
806 1903 891 1965 quae
922 1883 1068 1969 proxime
1099 1883 1142 1948 ad
1173 1881 1317 1948 carmina
1348 1883 1380 1948 ἐξ
1404 1882 1538 1961 ὁμοίων

352 1989 511 2056 accedunt
534 1997 566 2054 et
582 2009 714 2074 prorsus
731 2009 835 2074 paene
850 1989 890 2056 iis
907 1989 1092 2055 addicenda
1107 2009 1178 2056 esse
1195 1989 1354 2055 videntur.
1390 1991 1537 2054 recurrit

352 2118 479 2182 semper
513 2096 545 2160 in
580 2097 774 2162 carminibus
809 2097 1022 2181 nuptialibus,
1063 2097 1118 2162 ubi
1154 2095 1188 2160 in
1222 2096 1284 2160 line
1319 2095 1535 2180 stropharum

353 2203 567 2290 epiphonema
590 2203 669 2268 illud
694 2203 834 2288 additur,
852 2224 915 2286 qno
935 2204 1112 2289 appellatio
1129 2204 1310 2288 Hymenaei
1333 2204 1533 2287 continetur,

353 2313 421 2378 sive
445 2310 581 2396 simplex
606 2311 674 2376 siue
697 2311 906 2394 geminatum.

458 2416 606 2498 Denique
636 2437 765 2482 carmen
802 2419 835 2485 ἐξ
864 2419 986 2496 ὁμοίων
1016 2418 1059 2483 ad
1091 2418 1268 2483 amoehaea
1302 2418 1534 2502 componenda

353 2523 554 2608 aptissimum
588 2543 659 2589 esse
692 2524 885 2589 monendum
918 2531 977 2608 est,
1011 2524 1098 2606 quod
1131 2544 1172 2589 ex
1205 2524 1255 2590 his
1287 2524 1367 2590 locis
1391 2525 1533 2607 colligas

353 2633 381 2695 A
411 2632 477 2696 939
511 2631 561 2712 Eq
595 2633 675 2695 1111
714 2632 740 2695 P
772 2633 857 2696 1329
893 2631 921 2695 R
951 2632 1033 2714 430,
1069 2632 1125 2697 ubi
1162 2633 1258 2697 etiarn
1295 2651 1358 2696 una
1393 2631 1533 2716 stropha

353 2744 397 2822 (v.
421 2738 588 2819 ter-39)
613 2737 696 2802 intcr
720 2737 800 2802 duos
816 2744 943 2802 actores
967 2736 1140 2803 distributa
1157 2745 1215 2822 est,
1241 2758 1337 2819 quarn
1360 2737 1530 2802 licentiam

353 2844 385 2908 in
409 2845 471 2910 tine
494 2844 593 2909 totius
617 2843 768 2909 carminis
792 2852 908 2928 poetae
931 2844 1060 2909 facilius
1083 2844 1244 2927 ignosces.

462 2952 499 3014 ln
522 2949 692 3031 tragoedia
715 2969 844 3015 carmen
861 2952 892 3017 ἐξ
909 2951 1030 3028 ὁμοίων
1049 2972 1112 3015 non
1136 2951 1305 3035 reperitur.
1344 2950 1402 3016 sed
1419 2958 1532 3016 exstat

354 3057 486 3122 inludo
510 3057 663 3141 satyrico,
688 3057 743 3139 qui
767 3058 810 3122 ad
835 3058 1033 3123 comoediam
1057 3059 1189 3144 propius
1213 3058 1350 3142 accedit,
1380 3059 1412 3122 in
1436 3059 1532 3123 Euri-

355 3165 443 3250 pidis
470 3164 614 3249 Cyclope
645 3165 710 3228 496
742 3185 870 3230 carmen
902 3166 996 3229 trium
1024 3165 1228 3251 stropharum
1260 3165 1420 3231 similium.
1467 3185 1531 3229 nee

355 3271 565 3337 omittendum
590 3280 639 3336 est
662 3270 783 3336 Bacchi
808 3272 1015 3337 inhonorem
1041 3280 1216 3357 cantatum,
1246 3272 1277 3336 in
1308 3273 1381 3357 ipsa
1403 3273 1531 3357 sabula,

356 3399 440 3461 quae
463 3384 532 3442 tota
560 3377 681 3442 Bacchi
712 3377 898 3442 memoriam
927 3399 1055 3463 semper
1085 3386 1229 3463 renovat,
1259 3379 1399 3463 positum
1430 3386 1531 3461 atque

355 3486 566 3551 amoehaeum
591 3486 747 3551 essehoc
772 3505 912 3552 carmen.

462 3591 621 3668 Quoniam
646 3591 687 3657 de
718 3593 816 3657 variis
847 3592 996 3658 carminis
1026 3594 1118 3677 lyrici
1149 3594 1322 3676 generibus
1359 3601 1457 3675 atque
1488 3594 1532 3659 de

355 3698 479 3764 ratione
504 3698 716 3782 componendi
748 3699 896 3774 diximus,
928 3721 1011 3764 nune
1042 3700 1083 3765 de
1100 3701 1253 3785 ,numeris
1285 3701 1401 3783 quibus
1432 3708 1533 3785 poeta

357 3815 389 3871 et
413 3808 572 3888 quomodo
597 3827 673 3874 usus
697 3807 739 3873 sit
762 3827 975 3893 exponamus,
1008 3815 1042 3872 ut
1065 3816 1134 3873 tota
1158 3816 1255 3891 atque
1286 3811 1430 3895 perfecta
1462 3829 1533 3873 oar-

357 3913 449 3979 minis
472 3914 566 3999 lyrici
590 3915 818 4000 Aristophanei
842 3916 950 3999 imago
975 3917 1185 4000 exprimatur.

464 4023 512 4086 Ac
535 4023 672 4106 primum
697 4023 826 4104 quidem
851 4043 987 4107 agamus

852 4207 893 4273 lle
918 4206 1036 4272 iambis.

466 4325 580 4410 lambi,
605 4344 685 4408 quos
709 4325 925 4410 principatum
955 4329 1093 4392 omnium
1125 4347 1329 4392 numerorum
1359 4332 1469 4392 tenere
1493 4346 1532 4390 ac

360 4452 464 4516 paene
486 4452 619 4496 nervum
642 4431 744 4497 omnis
761 4453 896 4516 poeseos
921 4433 1041 4518 lyricae
1060 4454 1130 4499 esse
1147 4454 1250 4519 nuper
1266 4433 1532 4500 Wilamowitzius

467 4578 489 4642 1)
505 4557 553 4630 of.
564 4576 786 4630 wnamownzn
800 4593 904 4632 comm.
918 4583 1003 4632 metr.
1014 4579 1042 4631 Η
1053 4579 1123 4648 (unu.
1135 4579 1152 4631 1.
1164 4577 1292 4650 cornug-
1303 4577 1410 4645 resono
1423 4595 1473 4649 pgr,
1488 4577 1530 4631 31,
