3316 5406
620 616 842 684 ...37-

252 813 411 896 Dochmii‚
444 832 516 877 cum
546 813 642 897 plane
670 833 690 876 a
721 811 889 876 comoedia
919 811 1014 876 alieni
1045 811 1117 895 sint,
1147 811 1315 897 parodiam

97 912 100 920 ’
143 940 272 1004 semper
296 918 449 984 indicant.
495 919 605 1000 itaque
628 917 660 982 in
684 918 836 983 monodia
859 917 979 1003 optime
1003 901 1211 1002 adhibentur,¹
1228 919 1315 983 velut

143 1026 204 1092 Αν.
230 1048 260 1092 ν.
285 1027 350 1090 234
374 1025 438 1088 ὅσα
461 1025 486 1089 τ’
510 1026 543 1089 έν
568 1025 656 1090 ἄλοκι
681 1025 767 1101 θαμά
790 1047 819 1090 ν.
837 1024 902 1088 236
928 1026 1070 1108 ἡδομένᾳ
1086 1031 1190 1108 φωνᾷ,
1217 1033 1314 1106 atque

143 1131 173 1195 in
199 1132 240 1197 iis
263 1131 468 1216 carminibus,
500 1131 615 1213 quibus
647 1131 803 1196 severitas
828 1131 989 1213 quaedam
1013 1137 1069 1195 aut
1099 1130 1196 1194 animi
1220 1129 1315 1194 vehe-

141 1245 268 1304 menter
291 1238 440 1303 commoti
465 1236 695 1322 exprimuntur,
720 1238 808 1302 velut
831 1239 859 1302 A
879 1238 954 1320 566,
978 1236 1033 1302 ubi
1057 1237 1193 1302 alterum
1214 1235 1314 1301 hemi-

141 1345 287 1410 chorinm
312 1364 501 1429 oppressum
525 1343 681 1410 Lamachi
705 1344 859 1409 auxilium
881 1344 1031 1429 implorat

403 1471 440 1534 ἰὼ
465 1469 585 1548 Λάμαχ’
609 1470 636 1532 ὦ
661 1471 784 1548 βλέπων
809 1469 976 1548 ἀστραπὰς

404 1579 569 1656 βοήθησον
592 1578 618 1640 ὠ
642 1579 831 1657 γοργολόφα
855 1579 968 1657 φανεὶς
992 1581 1055 1642 κτλ.

140 1703 193 1767 Αν
220 1702 304 1767 1188
324 1734 359 1760 =
382 1701 476 1785 1263,
500 1701 555 1764 ubi
585 1700 618 1762 in
649 1700 713 1765 oda
740 1699 883 1784 periculo
908 1699 982 1764 belli
1014 1699 1206 1765 imminentis
1237 1719 1314 1766 aves

140 1807 334 1892 perterritae
365 1814 438 1873 sunt
462 1813 572 1890 (atque
601 1805 727 1872 arsibus
751 1826 850 1891 saepe
880 1806 992 1871 solutis
1016 1826 1053 1870 eo
1081 1805 1186 1889 magis
1216 1806 1313 1890 trepi-

142 1915 233 1980 datio
258 1914 455 1999 depingitur)

325 2040 463 2117 πόλεμος
487 2037 606 2116 αἴρεται
630 2039 769 2116 πόλεμος
792 2040 831 2102 οὐ
854 2041 959 2119 φατὸς

325 2147 406 2224 πρὸς
430 2147 484 2222 ἐμὲ
507 2147 557 2208 καὶ
583 2145 684 2222 θεοὺς.
710 2146 790 2211 ἀλλὰ
814 2147 952 2226 φύλαττε
975 2151 1038 2224 πᾶς

325 2252 404 2330 ἀέρα
427 2252 645 2330 περινέφελον,
670 2253 708 2316 ὃν
726 2252 860 2331 Ἔρεβος
884 2253 1005 2317 ἐτέκετο
1029 2255 1102 2328 κτλ,

139 2378 175 2438 in
211 2374 332 2440 antoda
371 2376 512 2460 periculo
550 2397 723 2462 suppresso
761 2377 914 2461 gaudent.
950 2417 986 2427 -
1021 2377 1221 2463 lepidissima
1257 2399 1313 2463 pa-

140 2483 235 2548 rodia
266 2489 374 2549 exstat
406 2486 433 2549 A
466 2486 542 2553 385.
588 2507 661 2550 narn
698 2487 741 2552 ad
776 2486 1035 2571 praeparandam
1069 2505 1197 2550 scenam
1230 2504 1313 2566 quae

140 2591 301 2675 sequitur,
340 2611 405 2672 qua
442 2593 648 2678 Dicaeopolis
683 2593 873 2679 Euripidem
914 2593 999 2677 adit,
1041 2599 1076 2657 nt
1115 2598 1314 2677 spectatores

141 2716 184 2760 ex
213 2695 292 2781 ipsis
322 2699 472 2781 numeris,
503 2699 544 2764 de
575 2699 690 2782 quibus
719 2701 828 2785 paullo
860 2709 934 2766 ante
966 2701 1057 2784 (358)
1090 2698 1314 2784 obstipuerant

139 2803 287 2888 fortasse,
312 2803 392 2889 iarn,
422 2825 493 2869 curn
517 2827 547 2870 ν.
572 2807 636 2870 383
660 2826 730 2888 sqq.
756 2806 933 2891 audierint,
958 2805 1077 2872 omissa
1100 2804 1313 2870 admiratione

141 2909 219 2991 quid
243 2910 321 2974 velit
344 2920 441 2994 poeta
465 2911 609 2978 divinent
633 2934 671 2978 ao
695 2921 860 2996 tamquam
878 2934 918 2979 ex
942 2909 1116 2997 longinquo
1134 2911 1313 2996 Telephum

140 3015 205 3081 iam
229 3015 378 3101 sentiant,
403 3026 575 3100 antequam
599 3020 787 3105 nominetur,
817 3020 875 3086 hos
900 3019 1066 3085 dochmios
1094 3039 1114 3083 a
1136 3025 1234 3103 poeta
1257 3018 1313 3083 ad-

140 3121 259 3188 hibitos
289 3141 360 3188 esse
394 3123 471 3189 mihi
505 3124 633 3206 quidem
658 3145 847 3210 persuasum
871 3131 929 3193 est.
977 3125 1154 3208 eodemque
1177 3123 1313 3190 redeunt

22 3233 23 3262 l
140 3227 205 3294 358
229 3235 261 3293 et
285 3229 360 3294 490.
407 3251 480 3294 nam
511 3230 667 3298 dochmiis
691 3232 838 3315 ingentes
863 3231 1000 3317 Telephi
1029 3231 1194 3316 Mysorum
1225 3231 1312 3314 regis

22 3425 23 3430 ἵ
140 3333 386 3399 lamentationes
414 3335 446 3398 in
470 3335 648 3420 Euripides
679 3337 789 3402 fabula
821 3338 1016 3422 compositas
1039 3337 1154 3422 fuisse,
1186 3336 1311 3403 etiamsi

140 3441 226 3504 nullo
260 3445 342 3506 teste
377 3442 631 3528 confirmaretur,
666 3464 706 3508 ex
739 3443 800 3508 hac
832 3444 1057 3529 Aristophanis
1089 3445 1200 3510 fabula
1232 3443 1310 3510 satis

139 3546 222 3611 bene
255 3546 452 3614 doceremur.
507 3569 547 3612 ex
580 3549 744 3634 Euripidis
777 3549 922 3635 Telepho
955 3549 1052 3614 ctiam
1084 3572 1115 3616 ν.
1139 3550 1204 3615 496
1240 3569 1309 3633 sqq.

141 3659 284 3738 sumptos
318 3674 388 3720 esse
421 3662 453 3720 et
479 3655 661 3721 ¹scholiasta
694 3635 828 3722 adnotat
858 3664 890 3721 et
919 3654 990 3741 ipse
1021 3664 1118 3741 poeta
1149 3657 1310 3742 expressis

140 3759 246 3826 verbis
271 3758 349 3825 dicit
372 3783 402 3827 ν.
427 3762 492 3826 555
515 3763 571 3826 τὸν
597 3766 632 3826 δέ
655 3763 802 3841 Τήλεφον
826 3763 884 3827 οὐκ
908 3763 1077 3841 οἰόμεσθα;

607 3998 648 4062 lle
672 3976 836 4063 trochaeis.

246 4115 416 4198 Trochaei,
448 4115 568 4202 quippe
598 4116 652 4198 qui
683 4115 806 4181 numeri
836 4115 878 4180 ad
907 4115 1120 4181 incedendum
1152 4116 1309 4201 aptissimi

139 4221 211 4306 sint,
236 4243 307 4287 curn
332 4223 412 4290 alias
436 4229 502 4287 turn
526 4223 559 4288 in
582 4223 705 4308 parodo
730 4231 826 4306 atque
851 4223 955 4288 exodo
980 4223 1191 4308 reperiuntur.
1235 4229 1308 4288 sunt

139 4337 243 4394 autem
268 4331 390 4394 numeri
420 4337 535 4395 natura
558 4351 617 4396 sua
646 4331 768 4396 celeres
799 4339 832 4396 et
861 4331 1005 4414 fugaces,
1036 4350 1095 4395 neo
1124 4350 1196 4395 raro
1227 4330 1308 4395 haec

138 4435 292 4502 velocitas
323 4436 449 4502 arsibus
480 4437 594 4503 solutis
617 4444 764 4522 augetur,
795 4437 881 4520 quod
911 4429 1030 4522 optimc
1061 4435 1209 4502 convenit
1237 4455 1306 4501 car-

138 4541 214 4607 mini
229 4543 257 4608 L
275 4544 371 4626 1279,
391 4542 446 4607 uhi
469 4543 586 4609 chorus
609 4543 852 4610 Atheniensium
875 4564 896 4608 a
919 4542 1065 4610 convivio
1089 4542 1192 4608 redux
1210 4543 1308 4609 saltat

139 4654 170 4713 et
201 4654 309 4713 cantat
344 4654 376 4713 et
406 4655 474 4714 tota
507 4656 613 4715 mente
643 4649 786 4715 laetitiae
810 4649 939 4716 deditus
969 4648 1132 4716 Bacchum
1162 4649 1307 4732 aliosque
