3316 5406
841 515 1057 584 ...14-

365 708 462 798 plane
485 709 587 778 simile
611 717 660 778 est
683 731 812 778 carmen
828 713 856 777 Α
872 715 938 778 929
957 743 993 773 =
1013 715 1089 798 940,
1106 713 1146 780 de
1171 733 1234 797 qno
1258 735 1333 780 mox
1358 713 1483 781 dicam.
1504 753 1550 764 -—

367 819 491 904 epodus
515 819 571 884 illa
593 820 728 886 recurrit
751 821 783 884 in
807 822 947 886 carmine
971 823 1003 888 ἐξ
1019 821 1141 899 ὁμοίων
1159 822 1187 886 Τ
1207 824 1280 906 101,
1304 823 1360 888 nbi
1384 829 1553 906 quattuor

366 925 516 1011 strophis,
542 944 685 1007 quarum,
701 945 764 991 una
788 945 936 1009 quaeque
957 947 997 992 ex
1023 926 1176 1012 octonis¹)
1203 927 1383 1010 agathonis
1403 929 1551 994 ataenis

367 1032 455 1098 chori
468 1031 581 1097 ionicis
594 1038 731 1117 constat,
745 1031 948 1117 subiungitur
961 1032 1085 1118 epodus
1100 1041 1173 1098 octo
1186 1033 1366 1116 agathonis
1379 1041 1412 1098 et
1425 1033 1550 1098 decem

367 1139 455 1204 chori
485 1138 671 1205 ionicorum.
700 1177 742 1188 -
768 1139 891 1224 epodus
921 1138 1082 1222 quaedam
1113 1139 1380 1206 antecedentibus
1411 1141 1552 1206 duabus

367 1245 507 1330 strophis
530 1244 748 1310 consimilibus
771 1245 974 1329 subiungitur
997 1247 1093 1312 etiam
1120 1245 1145 1310 P
1169 1246 1234 1312 856
1252 1277 1289 1306 =
1309 1247 1384 1330 910,
1410 1247 1466 1312 ubi
1492 1248 1550 1312 bis

366 1359 474 1418 ternos
497 1352 673 1436 glyconeos
697 1352 888 1436 (subiunctis
915 1351 1048 1434 singulis
1073 1351 1217 1436 Trygaei
1240 1356 1437 1418 tetrametris
1461 1355 1549 1418 iam-

366 1458 460 1541 bicis)
495 1466 673 1541 sequuntur
709 1462 746 1524 11
784 1459 882 1524 iambi
916 1458 1061 1544 Trygaei
1093 1459 1319 1542 (antecedente
1349 1467 1547 1526 tetrametro

366 1565 506 1630 iambico
529 1564 642 1649 chori).
686 1573 787 1630 totum
809 1564 908 1649 igitur
928 1565 989 1632 hoc
1009 1585 1138 1632 carmen
1162 1566 1284 1632 stasimi
1312 1567 1549 1651 perfectissimi

368 1671 509 1756 speciem
525 1673 673 1756 praebet3
691 1671 846 1738 habemus
859 1672 942 1738 enim
957 1672 1122 1757 stropham
1136 1672 1372 1758 antistropham
1387 1673 1545 1759 epodum.

367 1817 411 1828 -
441 1778 537 1863 plane
567 1779 679 1846 similis
708 1786 757 1846 est
785 1780 876 1846 locus
906 1781 935 1845 Α
965 1781 1030 1845 929
1047 1781 1158 1864 2:40,
1189 1779 1244 1845 ubi
1278 1779 1360 1846 duas
1386 1781 1547 1866 periodos

370 1892 575 1968 septenorum
598 1884 777 1951 iamborum
797 1886 904 1971 (quasi
927 1885 1093 1971 stropham
1116 1892 1149 1951 et
1172 1886 1421 1972 antistropham)
1444 1888 1546 1954 inter-

368 1990 473 2056 missis
498 1990 626 2058 duobus
652 1992 795 2058 dimetria
825 1991 972 2058 iambicis
1000 1993 1210 2076 catalecticis,
1241 1992 1282 2060 de
1316 1995 1431 2076 quibus
1463 2015 1545 2058 mox

368 2096 483 2182 dicam,
508 2098 653 2192 sequitur
675 2099 828 2184 periodus
851 2099 954 2184 oelo’)
978 2099 1156 2165 iamborum
1181 2101 1288 2183 (quasi
1311 2099 1460 2185 epodus).

475 2205 661 2270 Breviorum
685 2206 811 2270 illorum
835 2206 1074 2292 versiculorum,
1100 2226 1180 2289 quos
1204 2207 1287 2272 inter
1303 2207 1455 2292 periodos
1473 2209 1545 2273 lon-

368 2311 476 2395 giores
499 2312 699 2378 intercedere
723 2309 818 2378 modo
843 2313 981 2379 vidimus
1005 2314 1043 2380 A.
1068 2335 1098 2381 v.
1122 2314 1188 2378 936
1211 2335 1258 2396 sq.
1280 2345 1316 2374 =
1336 2337 1366 2381 v.
1391 2316 1454 2380 947
1479 2336 1542 2399 sq.,

369 2421 535 2501 egregium
567 2420 750 2505 exemplum
782 2419 942 2485 invenitur
975 2421 1006 2483 in
1039 2419 1181 2484 camnine
1213 2422 1239 2485 P
1272 2422 1368 2486 1329.
1415 2420 1544 2486 duobus

369 2527 453 2590 enim
476 2526 557 2592 locis
580 2526 800 2594 intercedunt:
824 2517 962 2613 primum
986 2549 1014 2595 v.
1042 2529 1227 2613 1339-42,
1249 2529 1304 2594 ubi
1328 2529 1445 2611 singuli
1470 2530 1543 2614 gly-

374 2633 465 2698 conei
489 2633 637 2718 acephali
662 2634 845 2698 catalectici
869 2634 1012 2718 Trygaei
1041 2655 1061 2698 a
1091 2635 1226 2718 singulis
1257 2635 1345 2700 chori
1376 2636 1426 2701 bis
1457 2635 1543 2700 exci-

373 2740 502 2824 piuntur
527 2741 627 2824 (1·1·
663 2741 698 2802 1’·
712 2746 726 2804 1
740 2746 769 2823 ·)
800 2749 898 2821 atque
928 2739 1054 2805 duobus
1085 2740 1304 2826 superioribus
1332 2741 1542 2823 interrogatio

374 2845 605 2930 posterioribus
629 2846 795 2931 responsio
819 2847 1047 2931 contineturl),
1079 2846 1197 2912 deinde
1220 2869 1250 2913 v.
1277 2848 1462 2932 lane-55,
1487 2848 1541 2912 ubi

481 3063 503 3132 1)
522 3062 556 3116 V.
576 3061 628 3116 103
647 3066 678 3116 et
700 3078 728 3115 v.
748 3060 798 3115 121
820 3062 953 3132 corrupti
972 3066 1057 3128 sunt3
1082 3077 1110 3114 v.
1130 3061 1183 3114 114
1201 3077 1244 3131 sq.
1269 3063 1359 3117 unius
1384 3065 1471 3118 metri
1494 3064 1541 3118 de-

374 3155 487 3208 fectum
507 3157 647 3206 statuam.

480 3242 504 3308 2)
524 3240 558 3294 V.
587 3240 735 3318 93911111]
763 3240 901 3294 Kaibelio
934 3244 1002 3311 post
1030 3239 1074 3292 καί
1103 3241 1177 3294 ablui
1206 3243 1376 3295 necessario
1406 3243 1541 3296 deiectus

375 3331 465 3385 unius
491 3330 583 3384 iambi
609 3331 790 3384 statuendus
817 3334 875 3396 est3
902 3330 1046 3383 traditum
1070 3331 1151 3383 enim
1177 3335 1223 3383 est
1248 3331 1279 3383 in
1305 3331 1408 3384 codice
1432 3331 1540 3400 (11)καί

375 3421 449 3473 κύλιξ
474 3418 518 3471 καί
543 3417 680 3484 πράγματ’
704 3419 881 3484 ἐγκυκᾶσθαι.
919 3419 950 3472 in
976 3419 1163 3488 antistropho
1190 3435 1217 3472 V.
1244 3418 1296 3473 948
1322 3436 1375 3490 pro
1400 3421 1552 3494 συνθέριζε

376 3509 566 3562 scribendum
585 3513 632 3562 est
649 3513 702 3561 νῦν
722 3509 819 3574 θέριζε.

481 3598 504 3664 ³)
524 3597 639 3652 Iniuria
658 3598 832 3652 Dindorfius
846 3598 1005 3652 occlusisse
1018 3598 1071 3650 hos
1085 3613 1192 3652 versus
1205 3599 1277 3652 mihi
1292 3600 1424 3667 videtur3
1444 3613 1539 3668 neque

375 3688 485 3758 inepte,
505 3692 665 3757 postquam
684 3686 845 3756 Trygaeus
863 3691 989 3756 nuptam
1010 3701 1097 3740 suam
1122 3689 1287 3757 appellavit
1312 3689 1446 3759 (stropha
1467 3691 1492 3751 1)
1511 3694 1540 3742 et

376 3777 485 3830 chorus
504 3777 588 3830 illum
610 3776 748 3830 laudavit
772 3776 905 3846 (stropha
930 3775 967 3844 2),
993 3778 1150 3845 quaeritur
1175 3778 1247 3846 quid
1266 3779 1325 3831 iam
1345 3778 1398 3830 liat
1422 3782 1541 3848 nuptae.

375 3867 504 3919 fortasse
522 3880 594 3919 vero
615 3880 710 3918 unum
724 3863 858 3934 Trygaei
871 3879 992 3918 versum
1006 3865 1044 3917 ab
1059 3880 1119 3920 uno
1134 3865 1216 3919 chori
1230 3867 1327 3935 excipi
1348 3867 1537 3920 statuendum

376 3955 402 4021 (1
415 3954 486 4021 ·1·)
507 3959 537 4008 et
556 3954 748 4008 scribendum
768 3958 813 4007 est
831 4026 833 4030 y

749 4043 800 4096 ΤΡ.
819 4042 845 4095 rl
866 4043 1008 4109 δράσομεν
1027 4043 1130 4110 αὐτήν;

749 4132 804 4185 XO.
823 4133 1002 4199 τρυγήσομεν
1021 4133 1120 4199 αὐτήν.

377 4224 575 4293 interrogatio
595 4228 626 4278 et
644 4224 799 4293 responsio
819 4224 992 4277 continetur
1011 4223 1102 4276 etiarn
1121 4220 1156 4276 A.
1177 4239 1204 4276 v.
1224 4223 1276 4276 936
1296 4237 1338 4292 sq.

539 4320 541 4325 '
697 4312 753 4365 ΧΟ.
772 4311 798 4365 rl
818 4312 951 4379 χρήσεταί
970 4310 1033 4365 ποτ’
1053 4313 1144 4380 αὐτῷ;

697 4403 740 4454 ΔΙ.
759 4403 1048 4469 πάγχρηστον-ἄγγος
1068 4403 1145 4455 ἔσται
1164 4404 1220 4454 κτλ.

379 4493 514 4546 sirniliter
539 4491 575 4545 A.
595 4507 621 4544 v.
642 4490 711 4544 1208
731 4507 773 4559 sq.
811 4492 871 4544 duo
891 4491 1009 4545 dimetri
1028 4491 1148 4544 iambici
1166 4492 1246 4545 inter
1264 4493 1324 4545 duo
1344 4493 1430 4562 paria
1449 4493 1538 4546 trime·

380 4587 494 4636 trorum
514 4581 682 4650 interpositi
702 4585 781 4647 111111,
806 4581 915 4649 quibus
934 4579 1106 4634 Lamachus
1129 4586 1160 4634 et
1179 4581 1371 4652 Dicaeopolis
1398 4595 1463 4634 sese
1481 4581 1539 4634 illu·
