3316 5406
631 534 851 599 ..49-

148 729 270 813 quales
300 728 449 811 querelae
477 734 606 794 exstant
635 727 711 794 Eur.
742 729 820 796 Heo.
852 749 882 794 v.
915 729 978 793 162
1009 717 1155 809 φροῦδος
1184 728 1325 809 πρεσβὺς
1385 783 1386 786 ,

148 841 295 918 φροῦδοι
318 839 439 913 παῖδες.
462 836 491 899 V
509 836 573 901 750
589 834 751 901 Philocleo
776 856 796 900 a
819 835 883 900 filio
904 834 1088 920 impeditus,
1102 855 1142 900 ne
1156 835 1188 898 in
1205 834 1325 900 iudicia

146 944 270 1028 exiret,
293 941 487 1008 lamentatur
510 949 608 1025 atque
632 962 716 1024 quae
739 941 794 1007 ille
816 948 923 1008 monet
946 940 1098 1027 repudiat

423 1051 463 1128 μή
489 1071 540 1127 μοι
563 1049 686 1114 τούτων
710 1053 808 1129 μηδὲν
831 1049 995 1129 ὑπισχνοῦ.

423 1157 535 1222 κείνων
559 1157 671 1236 ἔραμαι
695 1160 772 1223 κεῖθι
796 1158 947 1235 γενοίμαν
970 1160 1033 1221 κτλ.

146 1265 182 1328 V
208 1264 274 1328 323
298 1262 460 1328 Philooleo
484 1263 590 1352 atilio
615 1262 701 1328 domi
724 1269 867 1328 retentus
897 1282 1021 1328 summa
1052 1255 1133 1327 oum
1153 1261 1325 1328 severitate

148 1369 245 1435 Iovis
268 1377 324 1434 aut
347 1369 502 1435 auxilium
526 1376 582 1435 ant
604 1370 724 1435 fulmen
746 1369 912 1454 implorat:
1163 1355 1166 1362 ¹

281 1497 311 1542 v.
335 1477 400 1540 323
424 1475 489 1540 ἀλλ’
519 1476 545 1540 ιίι
567 1475 632 1541 Ζεῦ
656 1477 735 1556 μέγα
752 1474 898 1560 βρόνταί)

423 1583 441 1661 ἢ
467 1603 504 1661 με
527 1583 665 1662 ποίησον
689 1583 810 1646 καπνὸν
834 1582 986 1662 ἐξαίφνης
1010 1585 1074 1648 κτλ.

282 1710 312 1755 v.
337 1689 402 1754 326
425 1689 586 1768 τόλμησον
611 1689 689 1758 ἄναξ
711 1689 907 1770 λαρίσασθαί
933 1710 984 1769 μοι

423 1799 528 1874 πάθος
551 1797 715 1875 οἰκτείρας·
822 1797 824 1800 ’

425 1904 444 1982 ἢ
469 1925 507 1982 με
530 1909 672 1988 κεραυνῷ
698 1904 906 1988 διατινθαλέῳ

423 2011 583 2075 σπόδισον
606 2011 726 2089 ταχὲιιις
749 2014 812 2075 κτλ.

159 2114 353 2180 antecedunt
377 2115 440 2181 duo
464 2116 559 2180 ionioi
582 2137 602 2180 a
625 2115 756 2201 minore,
779 2135 912 2198 quorum
931 2115 1019 2200 prior
1034 2115 1164 2181 molossi
1187 2115 1329 2200 speeiem

159 2223 305 2308 praebet.

266 2329 461 2414 Anapaesti,
492 2329 568 2410 quia
591 2334 707 2394 natura
741 2329 885 2412 graviter
920 2334 952 2393 et
985 2329 1168 2395 solemniter
1202 2335 1327 2414 sonant,

159 2435 279 2522 optime
303 2435 346 2500 ad
369 2434 524 2521 prosodia
546 2435 746 2519 conveniunt,
771 2435 859 2500 velut
881 2435 910 2499 R
934 2435 1009 2519 372,
1034 2435 1089 2500 ubi
1117 2435 1234 2501 chorus
1256 2455 1329 2519 pro-

159 2543 279 2609 cedens
302 2543 529 2628 Proserpinam
552 2537 688 2606 iaudat

373 2670 404 2716 v.
428 2649 491 2714 377
517 2649 579 2713 ἀλλ’
607 2649 686 2728 ἔμβα
708 2647 825 2728 χῶπως
849 2649 935 2728 ἀρεῖς

516 2758 574 2834 τήν
596 2757 757 2835 Σώτειραν
779 2757 935 2834 γενναίως

516 2868 553 2945 τῇ
578 2869 671 2946 φωνῇ
697 2865 866 2943 μολμάῑων
888 2865 962 2938 κτλ,
1234 2948 1237 2954 Ι

159 2969 304 3036 thesibus
335 2974 442 3034 antem
472 2968 577 3052 longis
607 2969 792 3035 solemnitas
820 2975 967 3052 augetur.
1000 3014 1041 3023 --
1072 2969 1243 3054 anapaesti
1273 2968 1330 3033 ad·
1375 2958 1379 2980 ⁸

161 3076 310 3142 hibentur
338 3075 371 3139 in
400 3076 630 3160 imprecatione
663 3074 796 3141 deorum
826 3078 851 3141 P
883 3078 948 3142 974
979 3077 1006 3140 Τ
1038 3077 1090 3142 39.
1138 3075 1330 3142 conveniunt

161 3182 259 3248 etiam
282 3182 325 3248 ad
347 3181 398 3248 Αν
423 3182 518 3267 1058,
543 3181 598 3248 ubi
621 3203 699 3248 aves
722 3190 917 3268 potestatem
939 3203 1031 3249 suam
1054 3181 1190 3247 laudant

515 3289 576 3367 ἢδη
595 3289 662 3368 ’μοὶ
685 3296 730 3374 τῷ
753 3289 917 3374 παντόπτᾳ

516 3396 567 3458 καὶ
590 3399 755 3480 παντάρχᾳ
779 3399 887 3476 θνητοί
910 3398 1027 3484 πάντες

519 3501 657 3564 θύσουσ’
685 3505 748 3566 κτλ.

162 3606 289 3672 arsibus
313 3605 425 3671 solutis
448 3604 628 3689 indignatio
652 3627 763 3674 senum
787 3615 819 3673 et
842 3607 1021 3692 pertinenia
1036 3608 1204 3674 mulierum
1220 3608 1331 3694 depin-

162 3713 249 3797 gitur
271 3712 309 3779 L.
334 3734 364 3780 v.
388 3713 454 3778 482

375 3820 426 3900 ἐφ’
454 3819 473 3882 ό
495 3841 523 3884 τι
546 3840 579 3884 τε
604 3821 838 3900 μεγαλόπετρον
862 3819 981 3901 ἄβατον
1005 3821 1177 3900 ἀκρόπολιν
1200 3827 1263 3890 κτλ.

164 3957 205 3984 =
229 3949 260 3994 v.
283 3927 349 3992 546
372 3927 416 3991 ἔνι
440 3930 564 4006 θράσος
587 3928 632 3992 ἔνι
656 3930 751 3994 δὲτὸ
775 3929 885 4008 σοφὸν
908 3930 953 3994 ἔνι
977 3930 1145 4009 φιλόπολις
1168 3934 1230 3995 κτλ.

164 4033 309 4100 similiter
343 4034 394 4099 Av
430 4035 494 4099 327
504 4085 512 4117 ‚
552 4034 608 4100 ubi
649 4035 776 4101 arsibus
811 4035 923 4101 solutis
959 4035 1053 4101 timor
1092 4043 1124 4100 et
1158 4037 1331 4122 trepidatio

165 4143 283 4228 avium,
307 4161 391 4223 quae
420 4143 463 4208 ab
490 4162 601 4227 upupa
631 4143 777 4228 proditas
807 4164 842 4210 se
873 4163 944 4210 esse
973 4150 1098 4229 putant,
1130 4143 1331 4229 depingitur:

163 4250 375 4329 προδεδόμεθ’
410 4249 526 4314 ἀνόσιά
562 4251 588 4314 τ’
626 4251 786 4329 ἐπάθομεν
825 4255 887 4317 κτλ.
928 4251 982 4335 (of.
1017 4272 1072 4335 pg.
1110 4252 1174 4338 18),
1214 4251 1331 4317 deinde

164 4356 219 4421 ubi
243 4355 284 4421 de
307 4355 447 4439 antiquis
471 4355 579 4421 avium
602 4356 728 4440 legibus
752 4357 908 4441 neglectis
938 4364 1037 4440 atque
1066 4377 1172 4442 poena
1202 4378 1332 4444 upupae

271 4589 294 4662 ¹)
313 4589 390 4646 Nam
410 4590 454 4646 sio
472 4589 618 4645 tredimm
636 4593 691 4646 eet.

1225 4692 1244 4748 4
