3316 5406
792 524 991 588 -5..

305 718 467 802 nymphus
489 717 580 803 pacis
609 710 841 800 aliquantulum
871 726 992 804 petunt.
1040 722 1066 786 P
1090 721 1155 786 939
1179 722 1351 804 Trygaeus
1378 720 1478 786 sacri-

305 825 412 890 ficium
447 846 645 911 praeparans
684 826 821 910 primum
855 826 1073 912 circumspicit
1104 848 1194 892 aram
1230 833 1274 912 (1.
1309 829 1373 892 938
1408 829 1478 912 42),

306 932 423 998 deiude
447 938 557 998 cetera
581 930 731 997 sacrificii
754 932 965 999 instrumenta
988 934 1082 1000 affert
1106 941 1149 1018 (1.
1175 935 1239 1000 948
1264 940 1337 1016 sq),
1362 935 1479 1016 quibus

307 1037 515 1125 disponendis
539 1046 571 1103 61
595 1039 797 1124 explicandis
821 1040 961 1106 animum
985 1040 1132 1124 attendit,
1157 1040 1321 1106 victimam
1345 1060 1479 1127 exspec-

262 1161 275 1190 ·
306 1153 392 1231 1616,
417 1145 543 1211 interim
567 1146 683 1213 chorus
707 1148 848 1213 breviter
871 1147 990 1213 accinit
1013 1170 1043 1214 v.
1067 1149 1231 1214 eac-55.
1281 1149 1377 1232 1023,
1401 1147 1479 1213 dum

306 1254 395 1338 ligna
419 1255 591 1348 Trygaeus
615 1255 777 1340 componit
802 1261 845 1340 (1,
872 1256 958 1321 1024
986 1256 1029 1320 26
1053 1255 1106 1340 32,
1135 1254 1190 1319 ubi
1219 1255 1355 1339 perfecit
1383 1261 1479 1340 opus)

307 1360 432 1426 canitur
463 1380 592 1426 carmen
623 1359 720 1426 ctiam
750 1361 888 1428 brevius.
942 1361 1036 1428 simul
1070 1361 1169 1446 igitur
1198 1360 1260 1426 hcc
1290 1381 1418 1427 carmen
1446 1361 1480 1425 in

306 1468 346 1534 iis
370 1467 602 1534 numerandum
626 1475 684 1551 est,
710 1488 794 1550 quae
816 1469 954 1534 lacunae
978 1468 1161 1553 explendae
1184 1467 1375 1552 inserviunt;
1403 1488 1479 1532 nam

307 1597 338 1642 1.
356 1576 418 1640 937
437 1594 551 1640 661166
568 1572 748 1657 dimittitur,
764 1580 799 1638 ut
813 1574 976 1639 victimam
991 1575 1106 1640 afferat
1124 1587 1166 1658 11.
1181 1575 1269 1658 949),
1287 1596 1317 1640 v.
1331 1576 1416 1639 1020
1430 1593 1479 1656 sq.

307 1702 419 1748 servus
443 1681 571 1746 domurn
596 1681 711 1746 missus
735 1687 793 1766 est,
818 1688 852 1745 ut
875 1687 1019 1748 mactata
1034 1680 1166 1747 victima
1189 1681 1313 1746 femora
1328 1687 1482 1765 exempta

307 1789 460 1874 proferat,
492 1807 576 1870 quae
605 1787 638 1852 in
669 1787 741 1852 foco
773 1809 793 1852 a
824 1790 977 1872 Trygacc
1001 1786 1125 1853 interea
1156 1787 1350 1854 exstruendo
1381 1787 1481 1872 impo-

308 1902 434 1962 nantur.
481 1894 620 1979 spatium
644 1895 743 1978 igitur
766 1894 967 1960 intercedere
984 1894 1134 1979 debebat,
1157 1915 1219 1977 quo
1240 1915 1353 1960 servus
1373 1894 1481 1960 omnia

309 2023 392 2085 quae
416 2001 445 2068 ei
470 2001 625 2067 mandata
654 2007 745 2067 61611
772 2002 928 2086 perficere
957 2009 1078 2087 posset.
1124 2004 1152 2067 Α
1177 2002 1242 2067 929
1273 2001 1482 2086 Dicaeopolis

309 2109 555 2194 sycophantam,
570 2129 664 2190 quem
677 2109 799 2176 Boeoto
816 2109 972 2194 vendidit,
985 2116 1140 2190 tanquam
1156 2129 1214 2174 166
1230 2108 1328 2174 fictile
1345 2114 1388 2192 (1.
1402 2109 1480 2191 936)
1570 2093 1572 2098 ⁴

309 2216 441 2299 colligat
465 2222 508 2301 (v.
533 2217 598 2281 929
627 2216 684 2300 47,
713 2216 767 2281 ubi
796 2236 878 2301 opus
901 2215 1060 2301 perfecit).
1100 2218 1150 2281 Au
1176 2217 1262 2281 1313
1290 2236 1401 2282 servus
1429 2214 1480 2279 Pi-

309 2322 463 2388 sthetaeri
493 2308 619 2407 plumas
643 2323 751 2388 varias
775 2322 871 2388 domo
901 2323 994 2388 effert
1024 2328 1067 2407 (v.
1101 2323 1187 2387 1310
1215 2327 1276 2404 sq.)
1305 2321 1480 2386 admodum

309 2429 451 2514 segniter
468 2435 510 2513 (v.
532 2431 614 2495 1317
636 2430 679 2494 24
699 2430 742 2494 26
766 2431 808 2495 28
833 2431 889 2513 30)
907 2437 1004 2513 atque
1021 2428 1134 2494 ordine
1151 2429 1292 2514 disponit
1309 2434 1352 2512 (v.
1372 2430 1481 2513 1331),

309 2537 531 2603 Pisthetaerus
562 2536 763 2602 adventicios
791 2543 970 2621 exspectat.
1015 2538 1043 2601 Α
1067 2537 1132 2602 358
1156 2536 1365 2620 Dicaeopolis
1395 2543 1481 2600 trun-

310 2664 393 2728 cum,
418 2664 513 2726 quem
536 2665 598 2708 nou
622 2644 718 2725 longe
742 2642 861 2709 afuisse
877 2643 1056 2728 putandum
1073 2649 1133 2727 661,
1150 2641 1182 2706 11
1196 2641 1336 2707 mediam
1351 2663 1481 2708 scenam

310 2750 449 2835 profert-3
474 2768 578 2832 neque
595 2749 680 2814 enim
696 2749 904 2834 Dicaecpclis
925 2770 1056 2817 scenam
1078 2748 1239 2833 relinquit,
1257 2769 1329 2813 cum
1346 2770 1366 2814 a
1383 2747 1481 2813 choro

311 2877 465 2943 praesens
488 2857 680 2941 appelletur.

416 2963 467 3028 Ex
499 2963 611 3028 intima
644 2969 713 3028 arte
746 2963 884 3047 scenica,
918 2983 975 3026 cur
1004 2981 1133 3028 carmen
1164 2961 1300 3046 lyricum
1328 2962 1481 3028 insertum

311 3073 361 3156 sit,
387 3090 487 3136 causa
510 3068 697 3153 quaerenda
727 3076 790 3154 661,
822 3069 849 3135 61
880 3089 1010 3134 carmen
1033 3089 1114 3153 rem,
1146 3089 1230 3152 quae
1258 3069 1313 3152 agi
1342 3069 1481 3153 lingitur,

312 3197 506 3260 quamquam
533 3197 568 3242 re
598 3197 676 3242 vera
705 3197 768 3242 nou
800 3176 921 3260 agitur,
950 3175 1043 3258 quasi
1071 3177 1257 3258 comitatur,
1287 3195 1349 3257 quo
1380 3175 1482 3240 maior

311 3285 353 3351 sit
382 3284 553 3351 simulatio.
584 3329 624 3340 -
653 3284 769 3349 1459
800 3285 899 3348 multo
931 3303 1003 3348 cum
1036 3283 1147 3350 labore
1177 3303 1217 3347 ac
1247 3282 1383 3367 strepitu
1412 3284 1481 3346 Pax

311 3412 330 3456 e
353 3411 484 3456 carcere
507 3390 672 3457 liberatur.
710 3391 821 3456 11209
844 3411 944 3456 ranae
960 3389 1134 3472 Bacchum,
1158 3389 1234 3454 dum
1256 3389 1363 3454 lacum
1380 3396 1482 3454 trans-

297 3498 452 3582 -vehitur,
483 3499 515 3563 in
546 3517 605 3564 sua
634 3497 802 3583 provincia
835 3503 1017 3563 1616611611
1051 3497 1206 3581 salutant,
1246 3517 1309 3578 quc
1342 3495 1497 3560 carmine,

311 3606 416 3690 magis
440 3605 550 3672 vivida
573 3604 699 3690 species
720 3603 965 3670 transuecticnis
983 3604 1149 3670 efficiatur.
1187 3603 1324 3670 vestium
1348 3603 1483 3668 mutatio

313 3713 455 3778 carmine
478 3712 579 3797 lyrico
605 3712 698 3794 quasi
726 3712 849 3776 celatur·
873 3712 902 3777 R
926 3711 992 3776 534
1010 3741 1046 3768 =
1067 3712 1119 3795 90,
1148 3711 1204 3775 ubi
1229 3710 1377 3775 Bacchus
1406 3709 1484 3775 invi-

312 3820 392 3886 dens
422 3819 596 3902 Xanthiae,
629 3818 684 3902 qui
714 3818 863 3885 Herculis
893 3825 983 3884 veste
1011 3818 1141 3883 indutus
1172 3839 1193 3882 a
1222 3837 1316 3882 serva
1346 3816 1484 3900 benigne

312 3927 476 4010 invitatur,
501 3926 648 3993 Herculis
673 3932 796 3992 1661611
821 3926 861 3990 ab
890 3926 944 3990 illo
976 3924 1103 4010 repetit..
1143 3924 1262 3989 deinde
1286 3945 1306 3988 a
1329 3923 1483 4008 cauponis

312 4035 397 4100 male
420 4041 571 4119 receptus
599 4042 632 4101 61
655 4033 748 4125 minis
777 4053 888 4099 earum
914 4032 1104 4117 perterritus
1137 4033 1283 4116 (1.577)
1309 4029 1484 4115 persuadet

312 4139 487 4225 Xanthiae,
511 4140 684 4206 utiterum
708 4146 814 4206 166166
838 4145 970 4205 mutent.

419 4248 556 4314 Carmen
578 4247 714 4332 lyricum
738 4247 876 4312 insertur
906 4245 1013 4330 etiam,
1045 4245 1072 4311 si
1102 4265 1193 4310 mora
1222 4243 1406 4311 necessaria
1438 4243 1484 4309 rei

313 4355 462 4439 agendae
495 4353 675 4420 intercedit.
722 4355 843 4421 Nuce
875 4352 1113 4438 Strepsiadem,
1150 4351 1226 4416 dum
1265 4372 1286 4416 a
1318 4351 1484 4417 cimicibus

275 4453 277 4458 ’
318 4464 403 4528 male
427 4468 564 4528 vexatus
588 4461 620 4525 in
643 4461 761 4526 lectulo
786 4460 878 4526 sedet
902 4461 1061 4544 cogitans,
1093 4458 1210 4524 chorus
1241 4461 1382 4524 carmine
1410 4478 1483 4523 con-

316 4570 430 4636 firmat.
483 4570 510 4634 V
545 4569 608 4634 729
640 4569 759 4634 1116116
794 4568 909 4634 chorus
944 4567 1182 4632 Philoclecuem
1215 4587 1235 4631 a
1268 4566 1484 4651 Bdelyclecne
