3316 5406
268 1881 364 2002 Iure,
394 1919 420 1983 si
451 1917 492 1982 de
519 1924 629 1983 vetere
662 1916 830 1982 comoedia
864 1917 973 1983 Attica
1012 1917 1145 2000 dicitur,
1182 1915 1321 1981 omnium

152 2027 249 2092 animi
274 2025 316 2090 ad
341 2025 590 2110 Aristophanem
614 2044 686 2089 sese
709 2032 910 2109 convertunt,
940 2046 1002 2090 non
1027 2026 1129 2090 solum
1154 2024 1230 2106 quia
1254 2023 1323 2088 eius

152 2133 283 2198 fabulae
313 2132 427 2198 summi
458 2131 548 2196 attici
580 2131 699 2214 ingenii
731 2138 828 2213 atque
859 2132 985 2214 gratiae
1017 2138 1116 2197 testes
1147 2137 1234 2213 sunt,
1265 2128 1321 2194 sed

154 2243 249 2309 etiam
281 2241 357 2324 quia
388 2241 502 2307 seriem
535 2242 693 2326 praebent
729 2241 812 2306 adeo
849 2241 1047 2326 continuam,
1078 2249 1113 2306 ut
1146 2260 1218 2306 cum
1252 2259 1323 2304 cam

153 2351 256 2437 ipsam
286 2347 446 2431 quomodo
476 2347 626 2412 decurrat
655 2347 860 2412 considerare
888 2354 959 2412 tum·
983 2347 1198 2434 retrospicere
1227 2353 1324 2428 atque

154 2457 339 2542 prospicere
362 2454 437 2519 inde
466 2455 573 2520 liceat.
620 2455 735 2536 ltaque
763 2474 836 2518 cum
864 2455 949 2520 unde
979 2463 1057 2521 nata
1085 2456 1126 2521 sit
1155 2454 1325 2520 comoedia

154 2565 264 2630 Attica
288 2570 320 2628 et
337 2562 497 2644 quomodo
521 2563 659 2627 creverit
682 2583 720 2628 eo
737 2564 850 2627 melius
871 2563 1058 2647 intellegere
1074 2563 1245 2647 possimus,
1262 2582 1324 2644 quo

155 2669 338 2736 accuratius
370 2668 523 2754 principis
556 2669 623 2734 eius
656 2675 773 2754 poetae
806 2689 920 2754 opera,
956 2690 1040 2752 quae
1076 2671 1144 2735 sola
1179 2676 1326 2754 tempora

154 2779 305 2861 tulerunt,
338 2776 469 2859 cognita
499 2776 691 2861 habeamus,
722 2776 948 2861 Aristophanis
979 2777 1106 2842 fabulas
1136 2776 1325 2842 tractandas

155 2885 231 2950 mihi
254 2903 433 2970 proponere
457 2902 576 2968 operae
599 2883 736 2968 pretium
759 2881 863 2948 visum
888 2890 945 2964 est,
971 2890 1069 2964 atque
1094 2902 1164 2947 eam
1188 2890 1324 2967 partem,

156 3009 251 3074 quam
285 3010 356 3055 cum
389 2990 484 3069 radix
518 2991 610 3071 quasi
643 2990 745 3055 omnis
777 3009 915 3075 poeseos
948 2990 1096 3055 scenicae
1129 2989 1179 3074 sit,
1212 2989 1325 3054 summi

155 3098 305 3165 momenti
330 3117 401 3163 esse
424 3097 507 3162 inter
530 3117 640 3162 omnes
664 3105 805 3163 constat:
832 3117 961 3162 carmen
985 3096 1133 3182 lyricum.

263 3206 311 3270 Ac
341 3205 477 3290 primum
509 3203 638 3286 quidem
669 3204 829 3286 quomodo
863 3205 1004 3270 carmine
1039 3205 1141 3290 lyrico
1179 3223 1255 3269 usus
1286 3204 1327 3268 sit

155 3313 388 3398 Aristophanes
413 3311 631 3395 quaerendum
656 3311 726 3397 erit,
756 3320 791 3377 ut
819 3311 897 3394 quid
926 3313 1034 3378 valeat
1062 3321 1160 3394 atque
1190 3312 1327 3377 valuerit

156 3427 231 3485 ante
263 3440 334 3485 eum
364 3419 578 3506 perspiciatur
611 3426 643 3483 et
675 3426 775 3484 totam
808 3439 875 3484 rem
907 3419 1063 3485 musicam
1099 3419 1144 3484 rei
1178 3417 1327 3502 agendae

157 3526 309 3592 oboedire
333 3533 506 3611 appareat3
523 3525 608 3592 und'o
625 3526 732 3609 etiam,
754 3545 826 3591 cum
850 3526 882 3590 in
899 3525 1071 3610 tragoedia
1086 3525 1192 3609 magis
1209 3525 1326 3609 magis-

158 3654 220 3716 que
251 3634 307 3698 illa
340 3632 572 3716 dominaretur,
605 3640 717 3698 contra
748 3634 782 3697 in
819 3633 988 3698 comoedia
1020 3632 1125 3717 magis
1158 3633 1328 3716 magisque

158 3740 382 3806 evanescebat.
405 3747 437 3804 ct
452 3740 514 3804 hoc
530 3740 690 3821 quomodo
707 3740 828 3805 factum
851 3740 891 3805 sit
911 3760 951 3804 ex
968 3739 1194 3826 Aristophanis
1210 3739 1328 3804 fabulis

158 3848 310 3932 cognosci
325 3855 442 3934 potest.
482 3847 599 3913 deinde
616 3848 657 3914 de
678 3848 802 3914 ratione
819 3848 1032 3936 componendi
1057 3869 1096 3914 ac
1122 3848 1163 3914 de
1186 3849 1328 3914 numeris

158 3955 329 4020 dicendum
354 3957 423 4038 erit,
448 3955 564 4037 quibus
586 3975 664 4021 usus
688 3956 729 4021 sit
752 3963 860 4043 poeta,
885 3976 966 4037 quos
995 3955 1160 4042 acceperit
1184 3975 1328 4038 quosque

158 4061 363 4127 addidicerit.
404 4080 442 4126 ac
465 4061 539 4146 plus
562 4063 662 4128 semel
685 4062 748 4127 hac
771 4062 900 4143 quidem
925 4062 1113 4143 quaestione
1137 4062 1180 4127 ad
1204 4082 1328 4128 comoe-

158 4169 255 4253 diam,
280 4188 364 4251 quae
387 4177 461 4234 ante
485 4169 733 4254 Aristophanem
758 4169 863 4252 fuerit,
887 4170 1121 4236 revocabimur.

264 4340 344 4404 Rem
369 4338 514 4404 criticam
538 4339 684 4405 nonnisi
709 4339 761 4404 ubi
790 4337 1008 4406 necessarium
1037 4347 1107 4405 erat
1131 4341 1181 4405 vel
1209 4340 1329 4405 aDin-
1439 4425 1441 4430 Ι

159 4445 252 4512 dorfii
275 4448 402 4512 Poetar.
427 4465 514 4512 scen.
539 4446 594 4513 Gr.
619 4446 671 4514 ed.
698 4447 734 4512 V.
759 4447 836 4512 mihi
865 4445 1119 4512 dissentiendum
1148 4447 1329 4532 videbatur,
1392 4507 1399 4538 ,

160 4552 264 4636 attigi.
311 4555 339 4618 A
363 4554 428 4618 263
453 4553 613 4636 significat
637 4560 737 4618 toturn
762 4573 902 4637 carmen,
927 4553 1050 4636 quoda
1070 4575 1098 4620 v.
1120 4555 1185 4619 263
1206 4553 1329 4638 incipit.

1225 4680 1239 4733 1
