3316 5406
500 531 838 600 ¹-1l-

141 729 374 796 demonstravit
394 729 654 797 commentariolo
675 727 807 795 metrico
823 728 856 792 ΙΙ
873 726 951 811 (ind.
968 727 989 794 l.
1006 725 1149 810 Gotting.
1169 725 1311 815 reabse),
1371 697 1372 700 Ἴ

51 907 54 912 .
141 843 174 900 et
206 835 240 912 in
273 836 444 934 tragoedia
479 843 510 901 et
544 836 577 900 in
611 835 780 902 comoedia
813 837 909 918 longe
944 831 1194 916 frequentissimi
1228 837 1311 900 sunt.

140 943 296 1026 originem
332 949 440 1008 autem
471 963 512 1008 ex
546 944 637 1008 Ionia
667 943 788 1008 ducunt
819 949 917 1024 atque
946 961 987 1006 ex
1017 940 1091 1026 ipsa
1119 946 1155 1004 ut
1184 937 1313 1012 videtur

140 1049 231 1134 poesi
261 1050 421 1135 populari.
472 1071 537 1116 nee
565 1071 641 1116 vero
675 1049 789 1127 mirum
823 1067 896 1114 esse
929 1053 1037 1132 potest
1072 1046 1130 1114 hos
1163 1065 1312 1111 numeros

140 1156 314 1222 admodum
339 1157 500 1242 simplices
524 1157 612 1243 apud
637 1158 750 1224 Ionum
772 1162 902 1239 gentem
932 1155 1051 1240 agilem
1075 1161 1173 1237 atque
1203 1153 1312 1220 soller-

96 1302 99 1306 -
140 1251 206 1330 tem
234 1284 296 1329 uon
327 1283 389 1329 uno
420 1283 547 1348 semper
576 1263 672 1330 modo
702 1263 856 1330 formatos
887 1261 945 1328 sed
974 1261 1071 1328 valde
1104 1260 1246 1327 variatos
1274 1280 1313 1324 ac

141 1389 245 1453 paene
269 1377 409 1436 mutatos
424 1389 506 1438 esse.
546 1369 655 1453 itaque
671 1370 814 1437 anaclasi
830 1369 977 1434 adhibita
992 1368 1098 1453 prima
1121 1373 1154 1432 et
1170 1362 1313 1434 secunda

140 1477 269 1561 syllaba
308 1485 491 1561 permutata
531 1477 734 1544 choriambus
773 1478 827 1560 qui
867 1475 984 1543 dicitur
1029 1475 1133 1542 evasit
1173 1500 1227 1526 -υ
1244 1499 1312 1559 υ-,

141 1583 197 1666 qui
232 1603 296 1648 nna
329 1603 401 1649 eum
439 1583 547 1650 iambo
577 1584 764 1650 catalectico
801 1609 854 1636 -υ
871 1594 1022 1637 ura-2
1058 1582 1101 1650 ad
1135 1582 1313 1666 longiorem

141 1689 310 1774 periodum
334 1691 426 1772 quasi
450 1692 595 1758 clausula
615 1690 870 1757 concludendam
894 1691 1079 1777 aptissimus
1096 1696 1175 1756 erat.
1215 1697 1312 1771 atque

142 1797 203 1863 hoc
226 1797 321 1863 modo
345 1794 537 1883 g'lyeonenm
566 1798 896 1884 polyschematistum,
928 1798 983 1880 qui
1013 1797 1179 1882 dactylum
1209 1797 1312 1882 primo

140 1904 212 1969 loco
235 1904 344 1989 habet,
369 1905 531 1971 exstitisse
555 1905 649 1971 facile
672 1905 786 1987 lingas.
833 1905 891 1972 sed
920 1905 1017 1970 etiam
1041 1905 1233 1989 glyooucum
1259 1903 1313 1986 qui

142 2011 278 2096 proprie.
296 2010 413 2077 dicitur
436 2019 468 2077 et
491 2012 683 2097 acephalum
707 2031 747 2077 ex
771 2012 878 2077 iambo
903 2011 995 2093 quasi
1018 2011 1120 2095 stirpe
1132 2017 1226 2076 natos
1241 2029 1313 2076 esse

142 2119 404 2185 verisimillimum
437 2128 496 2186 est.
542 2140 601 2205 per
628 2119 793 2185 anaelasin
832 2139 957 2202 quoque
989 2119 1089 2184 iambi
1123 2117 1313 2204 permutatis

141 2225 244 2292 altera
268 2231 301 2292 et
323 2227 419 2292 tertia
442 2226 577 2311 syllabis
601 2234 737 2292 metrum
768 2227 917 2292 effectum
947 2231 1006 2311 est,
1036 2225 1123 2308 quod
1153 2233 1184 2291 et
1208 2225 1312 2310 ipsum

143 2332 396 2414 antiquissimum
411 2340 460 2399 est
486 2341 518 2400 et
536 2333 666 2419 proprie
686 2332 802 2398 dieitur
828 2331 966 2398 ionicum
995 2358 1013 2386 υ
1031 2354 1131 2414 υ--;
1159 2338 1208 2397 est
1229 2332 1312 2398 enim

141 2439 265 2504 ionicus
294 2459 314 2504 a
344 2440 465 2506 minore
499 2440 553 2522 qui
577 2440 702 2507 dicitur.
749 2440 805 2523 qui
836 2447 868 2505 et
900 2439 972 2524 ipse
1003 2460 1128 2506 summa
1156 2438 1313 2506 varietate
1366 2501 1372 2516 ,

142 2545 255 2630 utitur;
274 2566 348 2611 uam
365 2547 501 2631 primum
517 2547 635 2630 longae
655 2547 803 2631 syllabae
820 2546 851 2611 in
867 2545 960 2612 binas
976 2547 1092 2611 breves
1109 2545 1200 2630 solvi,
1218 2545 1313 2610 binae

143 2653 257 2720 breves
282 2653 314 2716 in
339 2652 483 2737 singulas
512 2654 626 2737 longas
652 2653 797 2720 contrahi
822 2659 971 2739 possunt,
1002 2652 1120 2719 deinde
1153 2652 1313 2719 anaclasis

142 2760 346 2845 permittitur,
369 2780 433 2843 qua
457 2781 497 2826 ex
536 2786 554 2813 υ
572 2785 658 2812 υ--
697 2787 820 2814 ven
855 2761 991 2826 efficitur
1033 2785 1149 2812 υυ-υ
1188 2784 1314 2811 -υ--

143 2867 250 2952 specie
273 2866 446 2934 trochaica.
480 2867 539 2933 sed
563 2867 659 2934 etiam
683 2868 781 2934 iambi
805 2874 816 2953 (
837 2875 851 2932 t
872 2867 1062 2950 choriambi)
1087 2867 1170 2932 inter
1192 2866 1314 2932 ionicos

142 2972 302 3037 interdum
331 2980 514 3058 occurrunt;
545 2994 605 3039 neo
629 2973 752 3058 mirum,
776 2994 851 3038 nam
879 2973 1023 3040 eiusdem
1049 2992 1177 3057 semper
1205 2972 1313 3056 stirpis

142 3086 216 3144 sunt
239 3079 330 3163 rami,
354 3088 389 3146 ut
412 3080 458 3145 ita
482 3079 597 3162 dicam,
621 3080 720 3146 iambi
743 3087 775 3146 et
797 3079 904 3147 ionici.
1144 3085 1147 3091 “

249 3187 318 3252 Iam
346 3195 447 3254 totam
471 3188 640 3254 Graeciam
663 3187 697 3252 hi
719 3187 843 3253 numeri
866 3186 996 3254 iambici
1019 3193 1241 3273 pervaserunt.
1280 3186 1313 3250 in

142 3293 233 3378 poesi
264 3295 380 3360 sacrali
410 3302 574 3376 tamquam
605 3295 734 3380 proprie
763 3295 795 3358 in
825 3295 991 3380 provincia
1021 3295 1220 3378 regnabant;
1252 3293 1313 3359 ‘vel

143 3407 236 3465 extra
259 3400 451 3466 Bacchicam
475 3401 662 3484 religionem
685 3401 784 3466 iambi
808 3401 840 3466 in
864 3401 1009 3467 formulis
1032 3399 1134 3466 saeris
1154 3401 1313 3465 solemnes

143 3507 225 3572 sunt’
250 3507 338 3591 (Wil.
355 3527 468 3574 comm.
484 3515 574 3574 metr.
591 3509 624 3572 ll
640 3510 707 3592 32).
754 3509 852 3574 etiam
872 3529 891 3572 a
910 3507 1081 3591 tragoedia
1097 3514 1129 3571 et
1145 3506 1314 3572 comoedia

134 3614 265 3699 'recepti
289 3621 372 3680 sunt.
419 3622 561 3680 attamen
585 3616 648 3681 duo
677 3615 722 3681 illi
754 3616 834 3681 rami
865 3635 993 3699 semper
1022 3614 1106 3680 inter
1135 3633 1171 3680 se
1195 3613 1313 3679 discer-

142 3722 311 3806 nebantur,
336 3722 599 3789 discindebantnr
621 3743 795 3806 nunquam.
834 3723 943 3805 itaque
960 3721 1049 3808 apud
1064 3721 1313 3807 Aristophanem

144 3847 271 3911 quoque
294 3829 430 3914 primum
454 3830 578 3895 iambos
602 3838 634 3896 et
650 3830 862 3914 choriambos,
886 3829 1003 3895 deinde
1026 3829 1148 3895 ionicos
1164 3830 1314 3914 persequi

142 3935 228 4002 lieet.

505 4136 546 4203 lle
572 4135 680 4203 iambis
704 4138 735 4204 et
759 4138 951 4204 choriambis.

143 4310 148 4320 .
252 4256 355 4321 lambi
390 4264 505 4322 natura
539 4277 598 4322 sua
632 4257 815 4341 petulantes
851 4264 899 4341 (ut
939 4275 1065 4324 summo·
1103 4257 1172 4322 iure
1206 4255 1312 4338 ἴαμβοι

144 4363 360 4447 appellentur)
384 4363 448 4428 iam
472 4364 597 4449 pridem
621 4363 665 4428 ad
689 4365 830 4429 carmina
858 4365 983 4430 ludicra
1012 4364 1234 4450 componenda
1257 4365 1313 4429 ad-

144 4469 338 4535 hibebantur
362 4471 599 4556 (Archilochum
631 4477 663 4537 et
694 4470 928 4556 Hipponactem
961 4477 1185 4556 commemoro)
1215 4480 1313 4553 atque

145 4577 303 4662 aptissimi
327 4586 417 4644 erant
448 4578 480 4642 hi
507 4579 630 4644 numeri
660 4580 877 4664 gephyrismis
907 4581 962 4662 qui
992 4580 1150 4664 dicuntur,
1180 4599 1314 4661 quorum

1209 4705 1226 4760 2
