3316 5406
845 517 1063 596 aig-2

369 724 477 809 imago
502 725 663 808 quaedam
686 727 765 792 satis
789 733 939 793 accurate
956 746 1112 813 expressa
1128 733 1236 792 exstat
1251 727 1280 792 R
1296 727 1363 791 416
1385 723 1554 806 βούλεσθε

370 837 450 911 δῆτα
474 841 561 918 κοινῇ
587 835 768 914 σκώψωμεν
783 835 989 914 Ἀρχέδημον.
1028 833 1216 900 similiterA
1236 835 1331 918 1190,
1353 833 1407 898 ubi
1426 833 1553 898 Dicae-

370 925 473 1024 opolis
507 939 681 1024 Lamacho,
718 941 772 1023 qui
807 941 935 1006 saucius
971 961 988 1004 e
1023 961 1134 1026 pugna
1169 941 1354 1024 revertitur,
1389 939 1551 1013 insultat:

368 1048 396 1110 A
420 1048 495 1130 929,
521 1047 575 1111 ubi
597 1048 803 1134 Dicaeopolis
827 1049 1061 1133 sycophantam
1086 1047 1177 1131 quasi
1202 1069 1260 1114 vas
1284 1048 1380 1113 lictile
1396 1048 1551 1130 colligat,

369 1153 444 1220 dum
469 1154 584 1221 chorus
608 1155 825 1240 sycophantas
848 1155 1046 1240 perstringit.
1093 1155 1238 1221 similiter
1255 1155 1294 1220 A.
1314 1175 1345 1222 v.
1365 1156 1547 1219 1150-61

369 1293 409 1316 =
435 1261 566 1327 68-73
594 1261 622 1326 L
645 1263 710 1326 273
740 1263 769 1327 Α
800 1262 874 1328 836.
921 1262 1086 1328 lasciviam
1111 1282 1189 1347 prae
1213 1281 1248 1326 sc
1275 1261 1383 1325 ferunt
1410 1261 1438 1324 Ε
1462 1261 1548 1342 952,

367 1367 423 1432 uhi
446 1388 525 1433 anus
549 1368 788 1433 adolescentem
811 1375 948 1453 temptat
972 1389 1096 1434 summa
1125 1367 1258 1434 libidine
1286 1368 1436 1452 impulsa,
1461 1367 1548 1431 ado-

327 1511 330 1520 =
368 1475 491 1540 lesccns
524 1475 652 1560 puellae
682 1475 831 1560 cupidine
864 1476 991 1560 flagrat.
1042 1475 1200 1560 aptissimi
1231 1481 1338 1540 autem
1377 1474 1438 1539 hoc
1467 1475 1548 1538 loco

368 1601 440 1645 eum
464 1581 562 1645 iambi
585 1588 652 1646 tum
676 1579 921 1666 pseurlocretici,
946 1588 980 1645 ut
1003 1581 1049 1646 ita
1072 1581 1188 1665 dicam,
1213 1581 1234 1648 i.
1260 1601 1287 1646 e.
1312 1580 1411 1645 iambi
1434 1580 1547 1664 prima

368 1709 495 1771 quaque
519 1710 703 1775 suppressa,
727 1690 782 1773 qui
806 1689 868 1756 vim
893 1689 1080 1775 cupiditatis
1097 1690 1190 1772 qnasi
1207 1689 1403 1774 depingunt:
1421 1710 1452 1755 v.
1473 1691 1546 1752 952

367 1816 438 1878 sqq.
463 1801 559 1875 δεῦρο
591 1801 629 1875 δὴ
659 1802 755 1875 δεῦρο
783 1801 822 1876 δὴ
852 1799 947 1876 φίλον
978 1797 1054 1874 ἐμὸν
1086 1797 1182 1876 δεῦρό
1214 1817 1265 1874 μοι
1296 1782 1456 1874 π’ρόσελθε
1488 1799 1543 1860 καὶ

367 1905 524 1980 ξύνευνος.
572 1910 709 1986 augetur
732 1903 870 1988 impetus
893 1903 947 1967 ille
971 1904 1026 1985 qui
1049 1903 1164 1968 iambis
1180 1903 1329 1988 proprius
1346 1909 1395 1968 est
1412 1902 1544 1967 ansibus

367 2010 488 2076 solutis.
535 2011 700 2077 solvuntur
731 2017 838 2074 autem
870 2029 958 2074 arses
989 2008 1031 2074 ad
1063 2010 1186 2074 animos
1217 2009 1424 2074 vehementer
1453 2030 1543 2073 com-

367 2124 470 2182 motos
494 2117 727 2201 depingendos,
752 2117 839 2181 velut
863 2117 889 2180 L
913 2117 988 2198 256,
1013 2116 1067 2180 ubi
1091 2137 1184 2182 senes
1213 2123 1345 2200 propter
1368 2116 1540 2180 mulierum

367 2223 537 2288 audaciam
561 2223 795 2306 indignabundi
823 2222 1004 2287 incendium
1035 2224 1212 2289 minantur:
1241 2246 1271 2289 v.
1296 2225 1361 2287 262
1385 2243 1433 2304 sq.
1459 2225 1541 2286 κατὰ

367 2335 423 2409 μέν
448 2332 538 2408 ἅγιον
562 2333 643 2411 ἔχειν
667 2332 780 2410 βρέτας
802 2333 881 2395 κατὰ
902 2331 928 2394 δ’
950 2330 1121 2410 ἀκρόπολιν
1146 2332 1225 2409 ἐμὰν
1248 2335 1367 2410 λαβεῑν;
1392 2330 1541 2396 similiter

307 2483 311 2494 ·
366 2438 409 2503 ad
448 2439 555 2504 avium
592 2433 882 2503 1111111111111111
922 2458 960 2502 ac
1000 2438 1171 2502 volubilem
1205 2437 1413 2521 imitandam,
1450 2436 1540 2501 velut

365 2547 416 2609 Αν
440 2546 501 2610 851
523 2577 558 2604 =
579 2547 631 2629 95,
656 2546 710 2610 ubi
734 2566 812 2610 aves
836 2545 946 2610 urbem
971 2545 1110 2610 condere
1133 2545 1303 2610 festinant:
1329 2565 1358 2610 v.
1384 2544 1449 2609 855
1465 2563 1537 2625 sqq.

366 2653 430 2730 ἅμα
465 2657 501 2717 δέ
532 2655 664 2731 προσέτι
696 2653 824 2733 χάριτος
857 2654 947 2717 ἕνεκα
978 2653 1152 2732 προβάτιόν
1184 2675 1210 2716 τι
1240 2653 1335 2716 θύειν.
1383 2650 1538 2716 sedantur

365 2761 542 2845 paullulum
573 2761 670 2825 animi
701 2782 730 2826 v.
762 2761 837 2845 851,
868 2760 922 2825 ubi
952 2761 1043 2844 ipsae
1073 2780 1108 2825 se
1138 2779 1215 2824 aves
1246 2758 1470 2841 adhortantur,
1502 2766 1538 2823 ut

364 2868 545 2951 Apollinem
576 2867 740 2934 invocent:
769 2867 825 2930 ἴτω
855 2867 911 2932 ἴτω
941 2867 997 2931 ἴτω
1029 2871 1064 2931 δέ
1094 2867 1219 2944 Πυθιὰς
1250 2865 1358 2949 βοάκ“);
1390 2865 1538 2931 similiter

365 2977 440 3056 691,
463 2975 517 3040 ubi
542 2974 761 3040 Pisthetaerus
786 2975 925 3041 consiliis
949 2974 1015 3039 suis
1037 2973 1192 3058 expositis
1214 2973 1255 3038 ab
1277 2972 1392 3038 avibus
1413 2973 1540 3038 laetitia

365 3082 458 3147 elatis
481 3082 630 3166 precibus
654 3089 796 3166 urgetur,
828 3090 863 3148 ut
893 3102 960 3147 rem
991 3080 1218 3165 aggrediatur:
1250 3102 1280 3146 v.
1305 3080 1366 3144 631
1395 3100 1465 3161 sqq.
1497 3083 1540 3158 ἢν

364 3191 405 3251 σὺ
429 3189 502 3268 παρ’
527 3191 580 3267 έμέ
604 3191 737 3267 θέμενος
760 3190 951 3269 ὁμόφρονας
974 3189 1091 3265 λόγους
1115 3189 1236 3265 δίκαιος
1267 3188 1387 3264 ἄδολος
1410 3187 1538 3269 dorae)

364 3297 413 3359 ἐπὶ
437 3298 531 3373 θεοὺς
554 3296 613 3380 ἴῃς.
659 3296 854 3378 singularem
879 3295 1041 3377 quandam
1072 3295 1135 3359 vim
1167 3294 1296 3378 syllaba
1327 3294 1435 3358 soluta
1458 3295 1539 3358 mihi

364 3402 482 3467 habere
518 3402 645 3468 videtur
677 3404 716 3470 R.
750 3425 779 3469 v.
815 3405 895 3487 435,
929 3403 982 3467 uhi
1016 3421 1081 3467 una
1113 3401 1194 3466 arsis
1227 3402 1259 3465 in
1291 3408 1359 3466 toto
1393 3402 1538 3467 carmine

363 3512 468 3575 soluta
491 3519 549 3592 est,
574 3531 646 3595 cum
669 3510 784 3576 chorus
808 3511 946 3594 Baccho,
979 3509 1032 3593 qui
1061 3508 1291 3591 interrogando
1323 3509 1352 3573 ei
1381 3508 1538 3574 molestus

363 3625 421 3704 est,
454 3617 716 3700 indignabundus
751 3617 829 3682 dicit
864 3617 935 3696 μηδ’
973 3618 1065 3694 αὖθις
1103 3618 1239 3700 ἐπανέρῃ
1274 3637 1320 3694 με.
1367 3615 1537 3680 lasciviam

363 3745 441 3810 prae
464 3746 499 3791 se
521 3725 627 3790 ferunt
651 3724 797 3808 syllabae
821 3725 945 3789 solutae
971 3725 1145 3791 111215
1169 3723 1201 3786 in
1225 3723 1365 3787 carmine
1382 3722 1536 3807 phallic0,

363 3832 417 3896 ubi
441 3832 646 3917 Dicaeopolis
671 3830 764 3898 dicit:
795 3836 903 3916 πολλῷ
934 3833 995 3910 γάρ
1020 3829 1088 3894 ἐσθ’
1118 3833 1281 3909 ἥδιον...
1315 3831 1537 3912 Θρᾷτταν

363 3942 464 4019 μέσην
499 3938 622 4018 λαβόντ’
658 3938 779 4018 ἄραντα
812 3939 1030 4019 καταβαλόντα
1062 3939 1331 4016 καταγιγαρτίσαι.
1365 3979 1404 3986 -
1437 3937 1537 4002 etiam

362 4048 393 4110 in
418 4045 698 4127 conquestionibus
722 4046 876 4110 Lamachi
901 4044 944 4109 ad
965 4045 1154 4128 tragoediae
1175 4045 1357 4129 exemplum
1381 4043 1537 4109 institutis

362 4152 477 4218 iambis
501 4173 578 4218 usus
602 4161 651 4217 est
674 4158 782 4237 poeta.

363 4283 574 4290 —-—-—-——-.-—.

469 4333 490 4401 1)
510 4332 586 4388 Nam
606 4333 648 4386 sic
675 4348 742 4386 cum
770 4333 922 4385 codicibus
948 4331 1110 4402 legendum
1138 4336 1191 4384 est.
1229 4335 1270 4400 τῷ
1296 4334 1354 4399 θεῷ
1381 4331 1535 4400 glossema

362 4423 510 4492 expunxit
529 4422 712 4475 Dindortins.

467 4512 490 4578 ‘·')
510 4510 586 4565 Nam
617 4512 659 4563 sic
688 4526 741 4580 pro
772 4509 895 4574 δικαίους
921 4526 1016 4573 -ους
1045 4527 1146 4572 -ους,
1174 4524 1254 4577 quae
1279 4510 1373 4561 verba
1392 4502 1534 4561 librarius

363 4601 439 4653 falso
459 4601 498 4653 ad
517 4601 621 4664 λόγους
640 4601 766 4667 rettulit,
787 4616 854 4653 cum
875 4599 1008 4670 Berghio
1028 4600 1155 4667 aliisque
1176 4599 1366 4651 scribendum
1387 4602 1440 4651 est.
