3316 5406
838 557 1058 618 ,12-

362 747 482 813 matica
505 788 548 798 -·
572 749 615 833 111,
648 748 763 831 quibus
794 748 835 813 de
865 749 961 814 rebus
991 751 1061 814 tuse
1092 755 1190 832 atque
1221 751 1352 835 copiose
1385 749 1558 833 exposuit

361 853 555 920 Zielinskius
578 854 611 920 in
634 855 716 920 libro
741 855 794 938 qui
819 855 1003 921 inscribitur
1020 855 1229 940 ‘Gliederung
1245 855 1304 921 der
1327 854 1556 921 altattischen

361 961 539 1028 Komhdie’.
586 968 684 1044 atque
719 961 751 1026 in
783 962 965 1028 universnm
996 962 1061 1027 dici
1087 969 1194 1048 potest
1222 963 1422 1049 episodioam
1451 983 1555 1027 com-

362 1068 552 1154 positionem
587 1068 619 1132 in
655 1068 823 1135 comoedia
860 1090 923 1133 non
962 1069 1022 1134 nisi
1060 1077 1133 1154 post
1171 1069 1345 1155 parabasin
1386 1068 1551 1135 inveniri.

362 1159 528 1261 complura
558 1177 651 1261 paria
681 1175 886 1261 stropharum
920 1176 1093 1242 decurrunt
1124 1176 1152 1242 Α
1186 1179 1272 1242 1190
1302 1179 1353 1242 Av
1375 1178 1451 1261 406,
1481 1178 1555 1241 ubi

362 1282 486 1368 epodus
515 1302 642 1364 quoqne
669 1283 873 1366 subiungitur
900 1305 930 1350 v.
954 1284 1118 1368 431-34‚
1144 1284 1170 1348 E
1194 1285 1269 1368 905,
1294 1282 1349 1349 uhi
1373 1283 1555 1349 antecedit

362 1389 504 1476 proodus
543 1389 703 1472 quaedam
743 1413 773 1456 v.
813 1392 878 1456 893
916 1411 987 1474 sqq.
1049 1391 1240 1475 compositio
1276 1391 1553 1477 epirrhematica,

361 1517 445 1581 quae
468 1497 656 1563 comoediae
679 1498 811 1583 propria
841 1498 956 1563 necin
986 1497 1156 1581 tragoedia
1186 1519 1261 1563 rara
1289 1506 1348 1582 551,
1378 1499 1410 1562 in
1441 1519 1552 1583 para-

362 1605 432 1670 hasi
461 1603 646 1689 praecipue,
677 1604 897 1670 vetustissima
927 1604 1114 1671 comoediae
1144 1613 1254 1691 parte,
1287 1613 1319 1672 51
1349 1607 1380 1671 in
1411 1608 1550 1692 parodo

328 1801 332 1809 Ι
361 1715 466 1780 locnm
491 1713 601 1797 habet;
627 1714 724 1780 etiam
747 1713 777 1779 ei
807 1715 938 1780 fabulae
969 1715 1053 1800 parti
1080 1714 1213 1800 propria
1243 1723 1307 1798 551,
1341 1737 1437 1798 qnam
1466 1716 1549 1780 Zie-

360 1821 497 1888 linshius
536 1843 673 1906 agonem
713 1822 851 1888 vocavit.
909 1823 1018 1907 paullo
1061 1823 1258 1908 amplificata
1300 1843 1371 1889 csse
1408 1823 1549 1889 videtur

359 1929 385 1994 P
409 1929 474 1993 346
492 1962 532 1986 =
550 1930 616 1995 385
633 1961 674 1986 =
691 1929 799 2012 582¹),
829 1929 884 1993 ubi
912 1937 977 1995 tres
1006 1929 1090 1994 odae
1118 1950 1202 2011 qnae
1231 1930 1429 2015 respondent
1453 1931 1548 1995 inter

361 2056 396 2102 se
427 2043 565 2102 exstant.
613 2035 736 2120 epodus
768 2036 928 2118 quaedam
961 2036 993 2099 in
1024 2036 1255 2121 compositione
1288 2037 1547 2121 epirrhematica

359 2143 520 2208 invenitur
543 2145 569 2208 P
592 2144 658 2209 510
682 2143 759 2227 (oda
783 2144 848 2208 459
865 2175 907 2200 =
932 2142 1053 2208 antoda
1068 2143 1158 2222 486).

467 2251 536 2317 Nec
567 2271 643 2316 vero
677 2270 803 2335 semper
834 2256 899 2315 tam
929 2250 1015 2314 clare
1044 2249 1125 2314 haec
1154 2250 1218 2314 duo
1247 2269 1368 2332 genera
1395 2250 1478 2315 inter
1501 2272 1544 2316 55

361 2355 502 2422 discreta
529 2363 616 2441 sunt,
646 2357 704 2422 scd
734 2355 909 2422 miscentur
938 2356 1108 2422 interdum.
1160 2357 1248 2421 velut
1278 2356 1430 2421 confundi
1453 2357 1543 2422 inter

362 2484 397 2530 se
421 2463 611 2548 compositio
643 2463 893 2548 epirrhematica
923 2469 955 2526 et
986 2462 1152 2548 episodica
1176 2463 1325 2528 videntur
1345 2463 1373 2526 L
1393 2465 1477 2528 1049
1496 2495 1537 2522 .-.

364 2572 459 2655 1189,
484 2571 537 2635 ubi
568 2577 600 2636 51
630 2570 695 2635 oda
725 2578 757 2636 51
781 2570 902 2636 antoda
931 2570 1087 2654 syzygiae
1112 2569 1379 2654 epirrhematicac
1410 2570 1541 2636 stasimi

362 2678 503 2763 speciem
535 2678 707 2762 praebent,
746 2684 894 2743 constant
929 2678 1012 2742 onim
1048 2697 1066 2741 5
1100 2676 1234 2761 stropha
1267 2686 1298 2742 51
1331 2676 1539 2761 antistropho

361 2792 404 2869 (v.
432 2786 605 2850 1043-59
626 2817 666 2842 =
689 2786 820 2851 60-72
851 2791 883 2849 51
906 2807 936 2850 v.
964 2785 1182 2850 1189-1905
1199 2815 1235 2842 =
1256 2785 1390 2868 6-15).
1437 2785 1540 2869 plane

360 2891 479 2957 similas
503 2892 565 2956 looi
590 2900 663 2958 snnt
687 2892 797 2956 8534
814 2925 855 2948 =
872 2893 916 2956 90
940 2890 995 2975 (de
1020 2910 1082 2972 quo
1113 2912 1187 2956 mox
1219 2897 1347 2974 agetur)
1365 2892 1393 2954 V
1411 2892 1474 2956 199
1494 2922 1536 2950 =

360 2998 445 3082 68²),
475 2999 530 3063 ubi
560 3006 732 3084 praeterea
762 3005 835 3083 post
866 2998 1032 3083 stropham
1063 3004 1095 3062 51
1125 3004 1198 3082 post
1227 2997 1462 3082 antistrophmn
1489 2997 1539 3080 (in

360 3106 497 3190 antoda,
536 3106 569 3172 in
607 3105 671 3170 oda
705 3113 778 3190 post
813 3105 978 3190 stropham
1014 3105 1156 3187 quidem)
1192 3107 1360 3189 anapaesti
1389 3111 1540 3169 actorum

359 3213 470 3278 inserti
494 3220 577 3279 sunt.
617 3213 782 3297 geminata
805 3213 897 3295 quasi
921 3213 1110 3298 compositio
1134 3212 1382 3297 epirrhematica
1406 3211 1540 3278 videtur

360 3321 411 3401 Eq
441 3321 505 3384 303
531 3350 567 3378 =
592 3321 651 3403 89,
682 3309 756 3384 uoi'
774 3318 838 3384 oda
870 3322 889 3385 8
921 3319 1041 3385 ahtoda
1078 3323 1098 3384 6
1134 3319 1329 3385 tetrametris
1361 3318 1539 3384 trochaicis

360 3425 610 3511 interrumpitur.
658 3426 815 3492 habemus
838 3425 953 3508 igitur:

551 3549 647 3614 odam
672 3572 692 3614 α
716 3571 745 3616 v.
771 3551 925 3614 303-13
1033 3548 1143 3615 antod.
1169 3571 1189 3612 α
1213 3571 1243 3614 v.
1268 3549 1423 3613 389-90

467 3654 649 3740 epirrhema
672 3678 692 3719 α
716 3679 746 3722 v.
772 3657 923 3720 314-91
1035 3662 1142 3740 antep.
1168 3677 1188 3719 α
1212 3677 1241 3721 v.
1267 3655 1421 3719 391-96

555 3762 650 3827 odam
677 3769 693 3844 β
719 3786 748 3829 v.
774 3764 928 3827 399-34
1035 3762 1145 3829 antod.
1172 3769 1188 3844 β
1213 3785 1243 3829 v.
1268 3763 1444 3827 397-408

467 3869 649 3954 epirrhema
673 3876 690 3950 β
714 3893 744 3936 v.
769 3872 919 3936 335-81
1032 3879 1141 3957 antep.
1168 3877 1184 3950 β
1209 3893 1239 3937 v.
1264 3869 1429 3935 409-56.

362 3993 500 4076 denique
523 3993 592 4058 fieri
616 4000 732 4079 potest,
765 4002 799 4060 ut
830 3995 963 4079 stropha
987 4003 1019 4059 et
1043 3995 1263 4080 antistrophus
1288 3993 1380 4059 unius
1410 3993 1535 4059 stasimi

300 4103 303 4109 '
361 4121 378 4166 e
403 4100 537 4185 stropha
561 4107 592 4165 51
616 4101 816 4188 antistropho
834 4109 969 4186 constet,
987 4102 1072 4168 undo
1096 4102 1131 4167 111
1155 4109 1190 4167 ut
1213 4108 1365 4184 quattuor
1381 4100 1535 4185 strophae

468 4353 490 4420 ¹)
510 4353 557 4408 De
576 4369 609 4408 re
628 4355 732 4408 critica
752 4371 779 4408 v.
799 4372 849 4426 pg.
869 4353 913 4407 40.

467 4443 490 4510 ²)
510 4443 587 4498 Nam
613 4444 795 4514 respondere
821 4445 957 4497 carmina
985 4443 1037 4497 199
1056 4467 1087 4488 =
1105 4444 1158 4497 868
1184 4459 1221 4497 ex
1247 4445 1313 4514 ipsa
1339 4443 1534 4498 similitudine

362 4531 566 4600 colligendum
586 4547 651 4586 esse
670 4532 791 4586 videtur
818 4548 875 4585 nco
901 4534 1000 4586 minus
1025 4537 1168 4586 accurate
1192 4547 1284 4601 quam
1303 4531 1329 4584 T
1347 4531 1399 4585 319
1424 4529 1534 4600 51354,

363 4635 444 4689 quae
457 4622 591 4675 carmina
604 4623 683 4676 inter
696 4637 729 4676 55
742 4622 926 4692 respondere
938 4623 1006 4676 vult
1019 4621 1266 4676 Wilamowitzius
1287 4619 1321 4675 Α.
1338 4637 1367 4676 u.
1382 4619 1417 4675 A.
1431 4621 1460 4675 Π
1473 4619 1533 4677 353.
