3316 5406
610 507 830 584 -15-

135 711 218 781 duos
255 713 429 798 acephalos
468 714 676 780 catalecticos
716 714 805 780 ohori
843 721 1021 797 sequuntur
1058 709 1122 779 duo
1160 711 1305 799 Trygaei

133 822 303 888 subiuncta
327 821 615 907 epiphonemate).
663 821 817 887 dividitur
840 829 948 888 autern
976 827 1078 886 totum
1102 841 1231 887 carmen
1255 821 1305 888 his

131 928 279 994 versibus
310 935 353 1012 (v.
381 929 553 994 1339-42
577 935 610 992 et
635 929 821 1012 1353-55)
846 927 973 994 duobus
996 928 1075 993 locis
1106 927 1307 1013 interpositis

132 1035 166 1098 in
194 1042 303 1119 partes
335 1041 410 1118 tres,
447 1055 581 1117 quarum
615 1033 721 1119 prima
750 1041 782 1100 ct
812 1035 916 1100 altera
946 1034 1049 1119 binas,
1079 1034 1176 1100 tertia
1207 1054 1302 1100 unam

133 1143 300 1232 stropham
324 1141 575 1227 comprehendit.
615 1149 741 1207 constat
760 1148 868 1208 autem
889 1141 1023 1227 stropha
1050 1161 1304 1224 unaquaeqnee

133 1250 234 1316 ternis
249 1256 282 1316 et
297 1249 347 1314 bis
360 1249 495 1332 singulis
509 1249 676 1332 glyconois
690 1249 857 1334 acephalis
872 1247 1072 1314 catalecticis
1087 1250 1121 1334 (3
1132 1281 1140 1296 ·
1153 1253 1167 1313 1
1181 1282 1189 1296 ·
1202 1252 1217 1313 1
1231 1250 1303 1333 ·),¹)

133 1363 169 1420 ut
193 1357 290 1422 totius
305 1357 464 1440 carminis,
484 1355 511 1422 si
528 1357 667 1422 numeris
684 1356 864 1442 exprimere
884 1355 970 1440 licet,
988 1355 1126 1420 formula
1145 1355 1186 1420 sit
1203 1355 1304 1422 haec:

133 1465 259 1528 3·1·1·
296 1464 421 1528 3·1·1·
459 1466 573 1548 (1·1·)
607 1465 734 1529 3·1·1·
772 1464 898 1527 3·1·1·
937 1463 1294 1547 (2·2·1·1·)3·1v·1·

123 1569 260 1653 'species
283 1569 380 1651 igitur
404 1569 554 1636 carminis
585 1572 617 1637 ἐξ
640 1570 761 1648 ὁμοίων
784 1576 893 1635 manet
917 1569 1057 1651 quinque
1087 1568 1302 1653 stropharum.

134 1723 175 1732 -
196 1684 326 1760 praeter
347 1676 432 1748 buno
456 1678 561 1742 locum
584 1677 699 1762 impari
724 1675 927 1760 stropharum
950 1695 1082 1740 numero
1106 1677 1138 1740 in
1162 1675 1303 1741 carmine

132 1785 165 1849 ἐξ
190 1785 310 1861 ὁμοίων
340 1783 560 1868 componendo
592 1804 667 1849 usus
698 1790 747 1848 est
776 1789 875 1868 poeta
903 1783 1021 1846 R534
1041 1779 1076 1842 ἐ
1096 1784 1149 1866 90,
1174 1803 1237 1864 quo
1262 1781 1303 1848 de

132 1891 274 1956 carmine
298 1891 498 1976 supradixi,
527 1892 592 1976 ubi,
621 1893 723 1957 trihus
747 1891 889 1976 periodis
920 1911 1068 1956 senorum
1100 1890 1303 1971 subiungitur

133 1997 257 2082 epodus
281 1998 442 2079 quaedam
467 2005 617 2081 quattuor
640 1999 879 2083 machaeorum,
903 2004 936 2063 et
959 1999 986 2062 T
1008 1999 1082 2082 959,
1108 1997 1162 2062 ubi
1179 2003 1303 2081 septem

132 2105 288 2189 trochaei,
313 2107 367 2187 qui
391 2106 570 2171 continuari
593 2113 728 2191 possunt
747 2106 841 2191 primi
865 2112 897 2170 et
925 2104 1011 2170 tertii
1038 2105 1151 2170 ultima
1173 2105 1302 2189 syllaba

133 2231 319 2296 suppressa,
343 2221 392 2277 ter
415 2213 644 2297 repetuntur⁸).

240 2319 410 2396 Quaeritur
434 2327 539 2385 utrum
563 2321 660 2386 etiam
684 2319 829 2385 carmina
852 2339 937 2401 quae
965 2338 983 2383 e
1012 2318 1138 2383 duabus
1162 2318 1302 2403 strophis
1403 2349 1409 2356 ·

132 2424 288 2492 similibus
312 2433 460 2492 constant
483 2428 515 2492 in
539 2427 578 2494 iis
602 2447 685 2510 quae
713 2429 745 2494 ἐξ
769 2429 890 2506 ὁμοίων
912 2433 1070 2492 vocantur
1092 2425 1303 2509 numeranda,

132 2554 173 2597 an
197 2533 331 2618 stropha
362 2541 394 2599 et
425 2535 646 2618 antistrophns
669 2533 842 2600 statuenda
865 2533 938 2601 sint.
986 2532 1094 2616 agitur
1124 2539 1231 2598 autem
1261 2532 1302 2596 de

131 2637 180 2704 his
214 2638 313 2706 locis:
338 2640 367 2704 R
390 2640 456 2705 384
483 2641 548 2706 448
573 2642 601 2705 Τ
625 2643 689 2707 969
722 2642 788 2707 990
818 2641 868 2706 Αν
900 2641 996 2706 1131.
1043 2659 1128 2721 quae
1159 2639 1303 2704 carmina

130 2745 278 2826 equidem
303 2748 334 2810 in
358 2745 397 2812 iis
422 2746 476 2829 qui
500 2748 532 2814 ἐξ
556 2748 676 2826 ὁμοίων
700 2755 856 2814 vocantur
878 2767 1052 2813 numerem.
1096 2767 1171 2810 narn
1195 2745 1302 2811 omnia

130 2859 204 2918 sunt
216 2853 360 2918 carmina
371 2855 511 2920 scoralia
524 2862 556 2920 et
568 2875 698 2920 carmen
709 2856 867 2941 populare
880 2873 925 2920 sc.
941 2852 1084 2938 nuptiale
1101 2854 1174 2938 (Αν.
1191 2853 1300 2937 1731),

129 3068 218 3135 dunt3
238 3069 320 3137 quod
339 3071 522 3125 simillimum
541 3076 588 3124 est
605 3072 837 3142 interrogationi
851 3076 881 3125 et
898 3071 1093 3140 responsioni.
1126 3070 1197 3124 item
1210 3069 1301 3139 plane

129 3158 159 3210 in
181 3159 348 3227 tragoedia,
368 3175 459 3230 quam
478 3161 534 3214 hoo
554 3161 674 3230 quidem
694 3161 760 3215 loco
781 3159 920 3230 exprimit
947 3164 1044 3229 poeta.
1082 3159 1159 3212 alias
1178 3172 1301 3226 quoquc

128 3247 159 3298 in
180 3248 363 3302 carminibus
376 3248 547 3303 amoebaeis
562 3249 715 3304 breviores
729 3264 844 3312 versus,
858 3249 968 3317 quibus
987 3247 1187 3317 interrogatio
1207 3251 1300 3315 atque

129 3336 282 3404 responsio
314 3337 500 3406 continetur,
535 3338 614 3391 inter
649 3338 788 3408 longiora
821 3342 986 3406 systemata
1022 3336 1184 3390 intermissi
1220 3339 1300 3402 sunt,

128 3423 213 3476 volut
227 3423 282 3476 Αν.
296 3440 324 3477 v.
337 3422 390 3478 413
407 3426 468 3479 duo
481 3425 600 3480 dimetri
613 3426 742 3494 iambici,
762 3441 837 3495 quos
851 3426 1037 3479 antecedunt
1050 3424 1129 3478 duae
1149 3429 1302 3478 senorum,

128 3518 298 3581 sequuntur
317 3514 396 3568 duae
415 3530 602 3569 novenorum
622 3516 790 3570 iamborum
810 3514 934 3585 periodi.

237 3604 258 3669 1)
278 3602 436 3658 Traditum
456 3605 534 3658 enim
555 3610 601 3659 est

307 3692 362 3746 ΧΟ.
381 3698 435 3746 τοῦ
455 3695 504 3758 μὲν
524 3695 593 3759 μέγα
613 3693 657 3747 καὶ
676 3696 750 3762 παχὺ
770 3697 821 3761 τῆς
840 3692 864 3746 δ’
883 3694 939 3760 ἡδὺ
958 3694 993 3746 τὸ
1014 3698 1109 3747 σῦκον.

305 3783 356 3836 ΤΡ.
377 3783 477 3850 φήσεις
495 3783 527 3849 γ’,
547 3777 617 3838 ὅταν
636 3784 732 3852 ἐσθίῃς
752 3783 831 3837 οἶνόν
849 3800 881 3837 τε
899 3783 964 3851 πίῃς
982 3785 1074 3836 πολὺν

500 3873 589 3940 Ὑμὴν
607 3871 727 3939 Ὑμέναι’
747 3874 770 3926 ὠ

500 3963 590 4030 Ὑμὴν
608 3962 728 4028 Ὑμέναι’
747 3963 778 4016 dr.

128 4067 207 4122 quae
228 4053 327 4106 omnia
348 4067 423 4107 sana
443 4058 522 4107 sunt.

233 4142 257 4208 ²)
276 4140 309 4194 V.
330 4141 400 4194 1333
418 4156 487 4195 curn
502 4139 668 4197 Schradero
685 4142 751 4210 (Rh.
766 4140 802 4194 Μ.
822 4143 880 4198 vol.
901 4140 972 4206 XXI
994 4158 1044 4212 pg.
1059 4141 1094 4194 93
1113 4141 1189 4210 sqq.)
1208 4138 1298 4208 Ὑμὴν

126 4228 247 4296 Ὑμέναι’
266 4230 290 4282 ὡ
309 4231 428 4299 addam,
453 4249 481 4284 ν.
503 4230 571 4286 1336
596 4231 786 4287 scribendum
813 4247 977 4302 proponam
1005 4230 1049 4284 uui
1075 4231 1129 4298 τὴν
1149 4230 1297 4296 βασίλειαν.

233 4323 257 4387 ³)
278 4319 422 4374 Attamen
449 4322 538 4376 tertia
564 4322 687 4392 stropha
713 4322 882 4391 paullulum
909 4321 1051 4376 discedit:
1075 4321 1145 4374 ἀλλὰ
1169 4326 1239 4387 χρῆν
1259 4321 1297 4384 ὡς

128 4411 170 4466 ἐπ’
196 4413 304 4479 (ὥσπερ
324 4427 399 4465 corr.
419 4410 577 4477 Valsenus)
598 4411 682 4475 ἔργον
702 4411 739 4474 aa
756 4427 781 4463 τι
808 4411 905 4463 καινὸν
931 4413 996 4473 κτλ,
1016 4415 1051 4464 ut
1075 4411 1163 4480 epodi
1183 4410 1297 4479 species

128 4501 277 4570 quaedam
303 4499 467 4567 efficiatur,
494 4505 524 4553 et
551 4504 646 4552 totum
675 4514 797 4552 carmen
823 4500 938 4552 stasimi
963 4499 1126 4569 imaginem
1153 4498 1298 4569 praebeat

127 4591 176 4658 (ci.
197 4605 246 4658 pg.
266 4588 321 4652 40).
