3316 5406
812 534 1009 598 ..8-

675 804 781 886 ουθΙῖθ
803 804 864 870 sint
887 805 1022 871 carmina
1045 805 1147 889 lyrica.

432 942 573 1006 Primum
606 942 728 1006 clarum
761 949 812 1009 θεῖ
847 942 1010 1008 eboricum
1043 951 1110 1009 tum
1143 943 1239 1011 inseri
1272 946 1389 1030 solere,
1423 965 1497 1010 cum

326 1069 418 1114 nemo
441 1048 474 1114 in
498 1067 596 1114 scena
619 1050 823 1133 remanserit3
848 1050 1070 1135 amoebaeum,
1102 1071 1174 1118 cum
1203 1059 1334 1136 praeter
1364 1052 1497 1118 chorum

325 1176 407 1221 unus
442 1162 533 1220 actor
567 1156 669 1241 adsit3
705 1155 842 1239 denique
876 1177 947 1222 cum
982 1157 1045 1222 duc
1077 1158 1129 1224 vel
1161 1159 1271 1243 plures
1304 1174 1432 1225 actores
1463 1159 1497 1224 in

326 1282 423 1328 scena
446 1261 519 1346 siut,
544 1282 672 1338 carmen
696 1262 779 1328 inter
802 1261 861 1329 hos
885 1272 916 1328 et
946 1265 1079 1330 chorum
1111 1264 1274 1333 dividitur.
1323 1265 1441 1332 deiude
1463 1273 1497 1330 et

325 1373 387 1437 hoc
409 1377 500 1456 patet
524 1369 656 1436 chorica
679 1390 719 1436 ea
741 1370 942 1455 potissimum
967 1373 1214 1458 carmina·esse,
1239 1394 1323 1456 quae
1345 1375 1494 1439 lacunam

325 1479 466 1564 explent,
491 1477 671 1543 amcebaea
701 1497 848 1559 eaquae
878 1498 946 1544 rem
976 1480 1138 1564 agendam
1168 1481 1261 1564 quasi
1291 1481 1495 1548 comitantur.

325 1593 422 1668 atque
454 1585 535 1650 hacc
565 1585 696 1667 quidem
725 1584 758 1649 in
788 1587 975 1672 propatulo;
1007 1607 1063 1654 eos
1093 1607 1169 1654 vero
1200 1589 1288 1654 locos
1318 1608 1496 1654 memorare

325 1692 424 1779 pluris
448 1691 590 1776 interest,
615 1691 668 1756 ubi
692 1691 778 1756 huuc
800 1712 894 1758 usum
926 1714 943 1760 e
974 1715 1009 1759 re
1037 1694 1166 1760 scenica
1194 1702 1297 1761 ortum
1322 1702 1420 1781 poeta
1442 1715 1496 1760 uc·

325 1798 438 1884 glexit,
463 1805 495 1864 et
518 1819 635 1864 causas
659 1818 716 1863 cur
739 1798 936 1865 hocfecerit
960 1800 1139 1883 anquirere.

431 1905 603 1972 Choricum
627 1927 685 1991 pro
709 1906 885 1972 amcebaeo
902 1908 1042 1992 positum
1058 1915 1108 1974 est
1130 1909 1163 1973 in
1186 1930 1301 1994 agone,
1319 1931 1379 1975 nec
1395 1931 1496 1976 causa

326 2013 466 2080 difficilis
490 2021 539 2079 est
562 2012 740 2098 intellectu;
765 2036 839 2079 uam
856 2014 899 2081 ad
916 2035 1031 2082 scenas
1048 2017 1136 2083 clare
1152 2016 1345 2083 dividendas
1366 2016 1497 2082 clrorioa

324 2121 428 2204 magis
450 2127 529 2206 apta
550 2127 625 2186 suut
646 2141 742 2204 quam
766 2123 952 2189 amoebaea.
978 2124 1078 2189 semel
1101 2121 1208 2190 tamen
1232 2124 1440 2190 amcebaeum
1462 2123 1495 2188 in

324 2247 431 2311 agone
447 2226 606 2293 invenitur
629 2228 754 2312 V5263
779 2228 837 2293 sed
861 2229 923 2294 hoc
947 2249 1075 2295 carmen
1100 2251 1162 2296 uon
1187 2231 1289 2296 solum
1313 2230 1356 2296 ad
1380 2251 1496 2296 scenas

324 2333 525 2400 distinendae
550 2333 723 2400 sedetiam
735 2374 773 2386 —
790 2336 900 2417 aliqua
922 2336 1051 2418 quidem
1068 2356 1108 2402 ex
1125 2344 1218 2423 parte
1231 2337 1329 2403 -ad
1345 2339 1495 2403 lacunam

324 2441 518 2526 explendam
535 2440 683 2525 inservit3
700 2463 774 2506 nam
790 2463 820 2508 v.
836 2443 991 2508 531-36
1008 2450 1179 2509 cantantur
1195 2444 1271 2509 dum
1288 2446 1379 2528 cista,
1397 2465 1495 2526 quam

323 2569 353 2614 v.
371 2550 435 2613 529
452 2547 629 2633 Bdelycleo
645 2548 706 2613 sibi
723 2549 890 2636 apportari
906 2549 1054 2634 iusserat,
1069 2550 1212 2618 affertur.
1237 2551 1382 2616 similiter
1397 2551 1430 2615 in
1445 2571 1494 2615 re-

324 2675 416 2721 cessu
438 2655 528 2720 chori
549 2655 711 2720 choricum
732 2677 791 2741 pro
812 2657 989 2722 amoebaeo
1009 2657 1149 2743 positum
1165 2666 1214 2724 est
1229 2660 1259 2722 R
1274 2659 1354 2742 4483
1376 2658 1495 2723 adsunt

324 2761 407 2826 cuim
431 2761 579 2828 Bacchus
608 2769 640 2826 et
663 2763 834 2847 Xanthias‚
859 2763 917 2829 sed
940 2785 1044 2830 novae
1068 2767 1114 2830 rei
1138 2765 1262 2831 animos
1292 2765 1356 2830 iam
1381 2765 1495 2830 adver-

323 2875 402 2952 tunt,
428 2889 472 2935 sc.
498 2869 659 2952 quomodo
683 2870 829 2936 Plutonis
853 2871 950 2936 ianua
979 2873 1141 2957 pulsanda
1171 2874 1222 2939 sit.
1262 2874 1358 2958 plane
1382 2872 1494 2938 similis

322 2977 413 3042 locus
444 2981 493 3042 θεῖ
523 2977 551 3040 A
575 2976 651 3057 385,
675 2976 731 3041 ubi
753 2977 977 3063 Dicacopolis‚
1009 2999 1205 3062 quamquam
1235 2981 1267 3045 iu
1297 3001 1395 3046 scena
1424 2999 1494 3047 ver-

322 3090 421 3168 satur,
455 3090 563 3148 tamen
596 3103 669 3148 cum
703 3082 800 3150 choro
834 3105 896 3150 nou
931 3086 1080 3172 concinit,
1114 3086 1191 3169 quia
1223 3108 1339 3153 novum
1372 3087 1494 3170 aliquid

322 3198 427 3277 parat,
459 3211 503 3257 sc.
534 3190 724 3276 Euripidem
754 3192 911 3260 aditurus.
958 3194 1169 3260 amcebaeum
1197 3196 1229 3261 in
1252 3215 1382 3262 recessu
1404 3197 1494 3261 chori

323 3303 431 3364 exstat
454 3298 483 3362 V
506 3299 580 3382 291,
606 3297 665 3363 sed
689 3298 900 3364 amcebaeum
923 3299 1006 3366 inter
1029 3301 1120 3368 binos
1145 3303 1269 3368 choros.

429 3404 557 3470 Deinde
581 3405 743 3470 choricum
776 3427 834 3491 pro
869 3407 1045 3472 amoebaeo
1079 3408 1217 3493 positum
1251 3416 1300 3474 est
1331 3407 1370 3473 iis
1403 3409 1493 3493 locis,

323 3512 378 3578 ubi
402 3513 519 3579 chorus
543 3511 640 3578 animi
655 3513 784 3598 affectu,
809 3512 878 3580 sive
901 3513 1015 3580 timore
1040 3515 1107 3581 sive
1131 3516 1262 3600 gaudio,
1288 3516 1493 3582 vehementer

324 3627 502 3686 commotus
533 3639 595 3684 rruo
626 3624 738 3685 tenore
768 3640 899 3686 carmen
923 3620 1087 3706 decantat,
1119 3628 1154 3686 ut
1178 3630 1306 3688 actores
1336 3643 1399 3686 nou
1422 3623 1493 3707 pari

322 3727 417 3793 modo
447 3727 597 3793 commoti
626 3727 719 3809 quasi
742 3727 873 3813 reprimi
890 3728 1070 3815 videantur,
1095 3731 1182 3795 velut
1198 3732 1226 3795 Α
1245 3731 1330 3796 1118
1348 3763 1388 3787 --
1408 3733 1492 3795 1262

321 3836 371 3918 Eq
403 3835 467 3900 616
500 3839 551 3899 Αν
583 3834 646 3899 627
680 3837 709 3899 Α
741 3835 817 3901 566.
864 3835 979 3903 eadem
1011 3838 1149 3904 fortasse
1182 3858 1283 3903 causa
1315 3845 1373 3922 est,
1406 3839 1493 3922 quod

322 3941 571 4028 imprecationes
596 3941 730 4006 deorum
753 3961 879 4027 semper
901 3943 970 4009 fere
1001 3943 1138 4010 choricis
1170 3945 1381 4011 continentur.
1429 3945 1493 4011 huc

321 4049 526 4115 referendum
550 4055 598 4115 θεῖ
622 4068 752 4114 carmen
775 4049 826 4114 Av
850 4050 924 4134 895,
949 4051 1005 4114 ubi
1029 4052 1145 4117 chorus
1169 4052 1247 4118 deos
1271 4048 1493 4137 appellaturus

322 4177 342 4220 a
365 4162 472 4242 poeta,
498 4155 552 4238 qui
576 4155 696 4221 iamin
720 4175 849 4223 scenam
876 4157 993 4243 prodit,
1025 4157 1279 4244 interrumpitur;
1311 4166 1491 4243 praeterea,

322 4283 394 4328 cum
418 4262 482 4328 oda
506 4285 526 4328 a
548 4264 616 4328 solo
641 4263 738 4329 choro
763 4270 895 4330 cantata
911 4271 1005 4349 esset,
1023 4265 1120 4330 etiam
1137 4265 1258 4330 antoda
1274 4266 1303 4330 ei
1319 4264 1492 4331 tribuenda

321 4377 401 4437 erat.
449 4369 675 4456 excipiendum
699 4389 770 4436 esse
794 4370 921 4437 videtur
945 4391 1075 4437 carmen
1094 4373 1122 4436 V
1142 4373 1216 4456 868,
1241 4372 1296 4438 ubi
1320 4372 1435 4438 chorus
1459 4380 1492 4438 et

321 4477 498 4562 Bdelycleo
521 4498 580 4562 pro
604 4478 708 4543 salute
732 4477 835 4562 patris
868 4484 961 4543 orant
991 4478 1047 4563 ita,
1080 4485 1115 4543 ut
1147 4478 1229 4544 inter
1262 4479 1326 4544 duo
1350 4480 1492 4546 carmina

321 4581 462 4650 iambica
499 4583 589 4650 chori
619 4583 849 4669 Bdelycleonis
887 4585 1055 4669 anapaesti
1085 4584 1297 4652 intercedant.
1345 4587 1402 4652 sed
1432 4586 1492 4652 hoc
