3316 5406
817 518 1039 583 ..44-

446 713 571 796 Restat,
595 716 630 775 ut
654 710 821 776 deforma
845 710 986 792 quadam
1010 710 1176 794 singulari,
1196 730 1293 792 quam
1310 732 1409 804 supra
1432 711 1516 777 indi-

343 821 425 904 cavi,
449 820 597 885 referam.
644 818 705 883 Αν.
729 839 759 883 ν.
784 810 849 881 349
873 837 944 898 sqq.
991 824 1167 899 sequuntur
1191 818 1210 882 8
1235 819 1255 880 ‘2
1279 816 1392 882 cretici

523 942 680 1018 οὔτεγὰρ
703 940 781 1019 ὄρος
805 943 933 1019 σκιερὸν
957 941 1029 1004 οὔτε
1052 943 1154 1021 νέφος
1178 943 1318 1020 αἰθέριον

523 1048 596 1113 οὔτε
619 1049 732 1112 πολιὸν
756 1049 895 1125 πέλαγος
919 1047 1076 1112 ἔστινὸτι
1101 1049 1221 1113 δέξεται

523 1155 598 1218 τώδ’
624 1155 829 1235 ἀποφυγόντε
854 1177 900 1233 με.

341 1281 456 1363 quibus
479 1279 511 1342 in
536 1277 670 1363 stropha
693 1301 723 1344 v.
748 1279 812 1342 333
830 1298 899 1361 sqq.
915 1278 1110 1364 respondent
1134 1279 1267 1344 totidem
1291 1285 1403 1363 metra,
1428 1297 1513 1360 quae

341 1407 380 1451 ex
405 1385 570 1468 quaternis
594 1385 729 1468 syllabis
752 1384 904 1450 brevibus
929 1385 1108 1469 constant¹)

522 1513 555 1587 ές
579 1513 616 1574 δὲ
639 1511 736 1574 όόλον
761 1509 892 1573 ἐκάλεσε
915 1511 1073 1588 παρέβαλέ
1098 1509 1123 1574 τ’
1147 1512 1202 1589 ἐμέ
1224 1513 1311 1589 παρὰ

520 1619 613 1695 γένος
637 1617 780 1690 ἀνόσιον,
805 1615 884 1693 ὅπερ
907 1615 952 1682 ὅτ’
977 1617 1090 1692 ἐγένετ’
1113 1615 1160 1680 ἐπ’
1184 1607 1253 1694 ἐμοὶ

521 1726 673 1802 πολέμιον
697 1723 830 1802 ἐτράφη.

339 2151 485 2236 exceptis
508 2152 622 2236 primo,
648 2149 734 2232 quod
758 2149 895 2234 primam
918 2150 1058 2232 longam,
1079 2157 1193 2215 octavo
1218 2158 1250 2215 et
1266 2149 1402 2233 decimo,
1427 2169 1510 2232 quae

339 2276 356 2319 e
373 2256 500 2322 duabus
516 2257 667 2322 brevibus
684 2264 717 2321 et
733 2276 796 2319 una
811 2256 909 2338 longa
926 2261 1084 2320 constant.
1119 2256 1176 2320 sed
1193 2255 1309 2320 iniuria
1325 2255 1510 2320 Dindorlius

338 2363 396 2429 hos
421 2384 532 2430 versus
549 2365 590 2430 ab
608 2363 838 2448 interpolatore
855 2362 985 2428 vitiatos
1002 2383 1072 2428 esse
1091 2363 1254 2429 censuisse
1270 2363 1348 2428 milri
1365 2362 1509 2447 videtur3

337 2491 412 2535 nam
429 2478 520 2536 tanta
536 2479 605 2536 arte
622 2471 794 2556 depravari
811 2491 873 2535 non
890 2470 980 2536 solet.
1006 2469 1121 2553 quodsi
1137 2470 1329 2536 Zielinskius
1345 2475 1413 2555 (pg.
1432 2471 1508 2550 131)

338 2585 533 2662 anapaestos
558 2599 613 2644 eos
641 2597 712 2644 esse
735 2577 818 2661 vult,
848 2576 903 2658 qui
927 2575 1145 2661 respondeant
1169 2576 1312 2660 creticis,
1337 2576 1398 2642 boc
1422 2575 1508 2641 nullo

337 2683 432 2750 modo
456 2685 524 2750 ficri
548 2691 654 2770 potest
679 2685 732 2768 (os.
758 2684 794 2750 F.
819 2683 924 2768 Spiro,
949 2684 1088 2756 Hermae
1112 2684 1174 2749 vol.
1199 2685 1314 2748 XXIII
1339 2705 1393 2768 pg.
1418 2684 1508 2766 256).

336 2811 440 2873 neque
473 2791 557 2856 enim
590 2792 690 2877 pedes
723 2791 781 2857 sed
814 2799 917 2856 metra
948 2789 1111 2855 metienda
1143 2797 1216 2856 suut
1249 2797 1281 2856 et
1311 2790 1507 2875 respondere

336 2898 418 2963 inter
441 2918 476 2963 se
498 2904 643 2983 possunt.
689 2898 746 2964 sed
771 2899 907 2982 primum
931 2904 1066 2962 metrum
1091 2897 1132 2961 de
1162 2898 1277 2964 ceteris
1308 2916 1366 2962 nos
1390 2896 1508 2963 docere

336 3010 453 3088 potest,
478 3004 564 3086 quod
588 3005 664 3087 quin
689 3004 842 3069 creticum
866 3004 972 3068 soluta
995 3002 1098 3068 altera
1122 3002 1186 3068 arsi
1214 3003 1256 3069 sit
1280 3001 1429 3068 dubitare
1452 2989 1508 3069 vix

337 3129 448 3191 queas.
482 3110 631 3193 equidem
647 3110 746 3193 igitur
763 3108 900 3174 creticos
915 3128 987 3174 esse
1003 3108 1061 3174 hos
1077 3127 1188 3174 versus
1205 3115 1355 3188 statuam,
1373 3128 1507 3191 quorum

336 3215 423 3299 prior
446 3216 528 3284 arsis
552 3217 583 3284 vi
606 3217 688 3282 ictus
713 3222 872 3300 correpta,
898 3215 1007 3280 altera·
1020 3215 1129 3280 soluta
1152 3223 1210 3280 est.
1235 3222 1384 3280 octavum
1399 3223 1508 3280 autem

251 3322 254 3326 ’
336 3330 368 3388 et
401 3323 569 3408 decimum,
604 3324 723 3408 quippe
759 3343 843 3404 quac
875 3329 978 3386 metra
1010 3321 1104 3386 finem
1137 3321 1343 3406 periodorum
1374 3321 1506 3404 faciant,

336 3429 470 3494 alteram
495 3429 580 3495 arsin
604 3430 763 3512 integram
784 3435 816 3493 et
834 3429 969 3512 primam
991 3434 1115 3492 tautum
1136 3435 1316 3513 correptam
1338 3428 1505 3513 praebent.

335 3534 480 3599 similiter
504 3536 690 3621 explicandi
713 3541 787 3600 sunt

424 3643 463 3710 Α.
487 3665 518 3708 v.
543 3644 607 3708 285
632 3645 671 3706 σὲ
695 3646 751 3719 μέν
775 3642 833 3706 οὖν
856 3642 1102 3718 καταλεύσομεν,
1127 3641 1152 3706 ὠ
1178 3643 1274 3721 μιαρὰ
1297 3644 1419 3720 κεφαλή

424 3782 465 3805 =
491 3770 520 3816 v.
546 3749 611 3814 33ss
635 3750 764 3826 ἀπολεῖς
788 3748 837 3827 ἄρ’
862 3749 995 3827 ὁμήλικα
1018 3749 1111 3813 τόνδε
1135 3751 1362 3828 φιλανθρακέα,

335 3876 416 3937 quos
447 3877 558 3922 versus
589 3859 725 3922 oretIcos
756 3876 827 3922 esse
858 3877 898 3921 ex
933 3858 1006 3941 ipsa
1034 3855 1276 3939 aequabilitate,
1308 3876 1391 3938 quae
1423 3856 1506 3921 inter

334 3985 364 4028 v.
401 3964 554 4028 284-92
593 3972 624 4029 et
662 3965 816 4028 93-302
852 3963 1025 4029 statuenda
1060 3970 1123 4047 est,
1160 3983 1348 4046 cognoscas.
1396 3965 1505 4030 subse-

335 4077 473 4151 quuntur
513 4071 596 4134 enim
629 4069 661 4134 in
695 4078 831 4154 utraque
864 4079 956 4156 parte
989 4070 1083 4135 huius
1116 4070 1283 4136 carminis:
1319 4077 1505 4135 tetrameter

334 4177 527 4260 trochaicus,
561 4177 713 4262 periodus
744 4181 765 4244 ό
797 4184 969 4242 metrorum
1004 4177 1207 4259 (ereticorum
1240 4177 1309 4242 sine
1342 4177 1439 4242 dubio
1473 4178 1505 4242 in

333 4284 437 4350 altera
469 4291 560 4368 parte
594 4306 623 4350 v.
658 4286 723 4348 294
747 4305 795 4366 sq.
831 4289 893 4348 σοῡ
917 4285 944 4360 γ’
969 4285 1172 4362 ἀκούσωμεν;
1206 4285 1324 4349 ἀπολεῖ·
1356 4286 1435 4349 κατά
1466 4302 1505 4348 σε

440 4481 462 4548 1)
483 4480 516 4534 V.
536 4480 588 4534 334
607 4498 660 4551 pro
681 4480 759 4548 ἔξοτ’,
783 4481 864 4549 quod
888 4481 1077 4536 DIndorfium
1100 4482 1160 4534 iam
1185 4481 1323 4549 offendIt,
1348 4497 1415 4535 curn
1442 4481 1504 4536 Zic-

332 4570 443 4623 linskio
465 4570 525 4640 (pg.
546 4569 609 4637 331)
629 4571 758 4625 scribam
778 4573 834 4623 ὅτε.
