3316 5406
801 506 1021 570 ..ερ-

322 706 404 784 ίσως
415 709 499 769 τοῖσι
516 707 609 780 σοῑςΙ
625 702 732 778 λόγοις
748 702 898 766 πείθεται.
922 703 943 764 4
961 699 1100 766 dochmii
1117 719 1220 782 aeque
1234 698 1363 764 formati
1381 699 1504 782 (altera

323 819 355 877 et
378 811 491 877 ultima
514 809 632 892 soluta)
662 807 745 874 inter
768 807 894 874 iambos
918 807 1011 874 iuxta
1034 805 1129 892 positi
1153 813 1227 872 sunt
1249 805 1310 873 Αν.
1333 827 1364 872 v.
1386 807 1502 871 427.-

267 909 270 912 ’
323 921 382 984 3οτ
406 919 524 998 πότερα
548 917 752 996 μαινόμενος;
777 955 821 965 -
845 915 973 995 ἄφατον
997 915 1043 993 ὡς
1067 914 1235 994 φρόνιμος.
1255 953 1298 962 -
1317 914 1362 978 ἐνι
1387 913 1503 992 σοφόν

322 1048 351 1091 τι
384 1025 490 1105 φρενί;
523 1063 567 1072 —
599 1022 798 1088 πυκνότατον
832 1023 962 1101 κίναδος
996 1025 1059 1086 κτλ.
1106 1021 1285 1106 glyconeus
1319 1019 1502 1106 acephalus

322 1131 534 1197 catalecticus
558 1130 724 1204 clausulae
746 1130 778 1194 in
800 1129 929 1195 modum
951 1128 1069 1195 iambis
1084 1127 1288 1213 subiungitur
1311 1128 1352 1194 Ν.
1364 1149 1396 1194 v.
1412 1129 1501 1192 1304

322 1240 392 1305 olor
415 1241 452 1305 τὸ
476 1238 672 1318 πραγμάτων
696 1238 773 1315 ἐρᾶν
796 1237 960 1318 φλαύρων·
985 1235 1100 1314 δγὰρί
1122 1237 1226 1314 γέρων
1242 1233 1291 1298 ὅδ’
1307 1231 1499 1316 ἐρασθείς“),

322 1347 354 1412 in
378 1346 441 1410 line
465 1344 665 1430 singularum
689 1341 893 1428 stropharum
918 1340 1068 1408 carminis
1098 1343 1131 1408 ἐξ
1162 1341 1283 1419 ὁμοίων
1314 1341 1352 1406 Α.
1376 1362 1408 1404 v.
1433 1340 1494 1406 841

273 1510 276 1515 .
325 1484 362 1512 ;-.
394 1453 436 1517 47
458 1483 495 1511 =
519 1452 562 1516 53
593 1481 630 1509 =
655 1451 708 1517 59.
756 1471 786 1516 v.
819 1450 880 1516 841
919 1451 938 1528 ἢ
972 1447 1179 1527 συκοφάντης
1211 1447 1307 1525 ἄλλος
1339 1447 1499 1526 οίΙμιίιΖων

322 1562 499 1624 καθεδεῖται
524 1557 700 1642 acephalus
724 1556 868 1622 eiusdem
892 1555 1039 1621 vocabuli
1064 1554 1304 1620 continuatione
1321 1573 1393 1618 curn
1418 1555 1497 1618 iam-

322 1666 372 1735 bis
396 1664 612 1749 coniungitur,
643 1669 741 1746 atque
772 1663 900 1729 affinem
928 1682 1001 1727 cnm
1031 1661 1147 1728 iambis
1176 1681 1248 1728 esse
1271 1667 1408 1745 constat,
1437 1660 1498 1726 etsi

323 1771 508 1862 explicandi
540 1770 623 1837 ratio
658 1769 798 1836 nondum
830 1775 1004 1856 perspecta
1036 1776 1095 1836 est.
1133 1769 1245 1852 itaque
1281 1767 1379 1832 etiam
1404 1767 1440 1832 P.
1466 1788 1497 1832 υ.

323 1881 389 1946 950
412 1899 483 1962 sqq.
508 1911 549 1936 =
577 1879 662 1943 1033
687 1897 769 1961 σφα,
794 1875 856 1942 uhi·
872 1875 1067 1962 respondent

367 2004 485 2070 οὔκουν
508 2003 761 2081 ἁμιλλήσεσθον;
786 1997 833 2080 ὥς
949 2003 996 2079 τίς
1019 2001 1077 2066 οὖν
1102 2002 1141 2066 ἂν
1164 2002 1222 2064 οὐκ
1245 2001 1417 2064 ἐπαινέσει·

367 2113 407 2190 ἢν
431 2109 539 2190 Χαῖρις
563 2111 644 2188 ὑμᾶς
667 2109 729 2189 ἴδῃ,
950 2130 984 2174 εν
1009 2108 1111 2188 ἄνδρα
1135 2112 1290 2182 τοιοῦτον,
1314 2105 1370 2170 ὅσ-

366 2218 536 2297 πρόσεισιν
559 2219 712 2297 αὐλήσων
736 2217 829 2295 όκλη-
949 2238 996 2294 τις
1019 2215 1108 2280 πόλλ’
1132 2215 1271 2292 ἀνατλὰς
1294 2215 1375 2277 ἐσω-

366 2345 422 2403 τος
445 2326 533 2408 κᾴτα,
557 2324 640 2389 τοῦτ’
666 2324 701 2388 εὖ
725 2319 785 2387 οἶδ’
809 2324 856 2388 ὅτι
948 2339 1006 2387 σεν
1030 2323 1199 2420 τήνιίεράν
1222 2321 1328 2396 πόλιν;

368 2436 514 2512 φυσῶντι
539 2433 589 2496 καὶ
613 2432 801 2515 πονουμένῳ
948 2429 1025 2494 ὥστ’
1045 2431 1113 2509 οὐχὶ
1134 2432 1174 2507 μή
1195 2428 1309 2492 παύσει
1329 2427 1398 2491 ποτ’
1418 2429 1464 2491 ὢν

366 2540 579 2620 προσδώσετε
603 2541 706 2618 δήπου
950 2540 1090 2616 Ζηλωτὸς
1114 2537 1242 2612 ἅπασιν,

322 2684 398 2728 num
422 2662 487 2728 duo
511 2662 557 2727 illi
581 2661 729 2748 acephali
756 2683 785 2727 v.
806 2663 890 2727 1035
908 2682 967 2746 sq„
988 2660 1105 2745 quibus
1129 2659 1326 2744 respondent
1346 2665 1497 2742 quattuor

322 2770 422 2836 iambi
445 2792 475 2836 v.
500 2772 565 2836 952
589 2790 649 2854 οφ,
674 2768 747 2834 falsi
771 2768 834 2835 sint
858 2769 1011 2836 dubitem.
1051 2768 1187 2832 recurrit
1210 2767 1388 2851 acephalus
1412 2773 1497 2832 cata-

323 2878 459 2944 lecticus
483 2877 515 2942 in
539 2877 601 2942 tine
626 2877 792 2942 clausulae
815 2876 847 2940 in
871 2875 1001 2941 modurn
1025 2874 1199 2941 adhibitus.

819 3110 860 3176 lle
885 3111 1001 3176 ionicis.

429 3231 531 3298 Ionici
570 3231 673 3316 primo
713 3228 841 3312 quidem
881 3231 992 3296 obtutu
1032 3252 1053 3295 a
1089 3231 1258 3296 comoedia
1293 3231 1389 3296 alieni
1425 3250 1496 3296 esse

322 3338 481 3423 videntur,
506 3344 604 3422 atque
628 3337 784 3423 parodiae
808 3338 985 3416 inserviunt
1001 3339 1029 3402 V
1045 3341 1121 3422 291,
1139 3359 1235 3421 quarn
1258 3338 1381 3404 indicat
1406 3339 1495 3404 sobo·
1526 3377 1527 3384 ι

322 3445 419 3511 liasta
435 3468 465 3512 v.
483 3447 548 3511 306
565 3444 729 3528 Pindari¹)
746 3467 777 3510 ν.
793 3445 858 3510 313
875 3465 922 3528 sq.
954 3445 1074 3510 Thesei
1087 3425 1266 3530 Euripidei.
1298 3444 1356 3510 sed
1373 3453 1498 3512 ceteros

323 3553 414 3618 locos
438 3551 667 3618 examinamur.
757 3601 762 3607 ,.
1350 3563 1353 3568 '

435 3697 457 3766 1)
478 3697 527 3753 Sic
546 3698 625 3752 enim
652 3695 796 3751 traditum
820 3701 874 3751 est.
911 3714 939 3752 v.
965 3698 1181 3767 antistrophico
1208 3695 1300 3764 (1312)
1327 3698 1412 3752 πάλαι
1435 3697 1499 3750 ποτ’

327 3788 459 3852 ἐπεζήτει,
474 3786 636 3855 quodcum
649 3785 783 3839 numeris
803 3789 962 3855 repugnet,
979 3785 1154 3839 Dindorlius
1173 3786 1204 3838 in
1225 3785 1310 3838 πάλαι
1327 3783 1391 3837 ποτ’
1408 3785 1499 3851 ἐζήτει

323 3879 354 3929 et
372 3891 400 3928 υ,
419 3875 569 3945 strophico
596 3872 665 3927 1304
691 3889 759 3928 curn
786 3873 920 3944 Reisigio
944 3872 1073 3939 ἐρασθείς
1098 3875 1228 3927 mutavit
1250 3875 1281 3927 in
1308 3873 1440 3939 ἐξαρθείς,
1464 3880 1499 3928 ut

323 3965 448 4018 dimeter
472 3963 619 4026 iambicus
639 3964 835 4017 catalecticus
861 3963 1013 4028 evaderet,
1037 3963 1124 4018 ouius
1147 3963 1273 4016 alterius
1296 3963 1384 4016 metri
1403 3964 1499 4032 prima

323 4068 484 4124 suppressa
505 4057 593 4120 esset,
613 4054 694 4122 quod
721 4051 802 4123 apud
827 4052 1061 4122 Aristophanem
1081 4053 1202 4121 quidem
1230 4052 1295 4106 ficri
1322 4068 1384 4105 non
1409 4067 1499 4121 posse

323 4159 415 4214 supra
441 4141 722 4196 demonstravimus.
760 4141 813 4196 sed
841 4139 969 4206 ἐρασθείς
994 4157 1021 4194 v.
1049 4140 1119 4196 1304
1148 4142 1260 4212 optime
1286 4155 1318 4194 sc
1347 4141 1439 4194 hahet
1463 4156 1498 4194 ac

323 4232 546 4298 desideraretur
572 4247 682 4302 paene,
704 4233 763 4286 nisi
792 4232 935 4286 traditum
964 4235 1053 4286 esset.
1089 4247 1148 4286 nec
1175 4247 1247 4286 vero
1276 4248 1304 4284 v.
1331 4230 1402 4284 1312
1430 4221 1498 4285 curn

321 4323 496 4377 Hermanno
530 4321 721 4376 scribendum
760 4327 806 4376 est
842 4323 951 4390 ἐπῄτει;
988 4337 1058 4374 ποια
1098 4322 1221 4374 ἐπαιτεῖν
1253 4321 1405 4391 significat
1433 4319 1499 4374 '‘an-

322 4410 453 4480 bettoln’,
480 4411 562 4482 quod
580 4413 707 4466 verbum
727 4412 797 4465 huic
817 4409 938 4480 quidem
958 4411 1024 4465 loco
1044 4415 1148 4481 aptum
1169 4425 1229 4464 non
1250 4415 1305 4464 est.

434 4500 457 4561 ²l
486 4500 519 4554 V.
539 4499 591 4556 308
619 4501 649 4554 ίιι
677 4501 737 4554 fine
766 4499 938 4555 addendum
965 4504 1012 4553 est
1044 4501 1136 4565 εὑρεῖν
1165 4513 1233 4552 cum
1261 4498 1422 4568 Blaydesio
1450 4498 1499 4551 vel

324 4589 413 4644 είπεῑν
431 4605 501 4645 cum
520 4589 702 4646 Hermanno.
740 4588 849 4644 deinde
874 4588 1065 4644 scribendum
1089 4603 1155 4644 esse
1179 4587 1242 4655 ίρὸν
1260 4604 1313 4659 pro
1333 4587 1500 4654 {spurcum
