3316 5406
606 523 824 588 ..25...

115 720 273 786 lecticus.
319 718 455 785 recurrit
490 719 647 786 molossus
679 718 711 784 in
745 719 887 784 carmine
919 720 949 786 N
988 720 1089 804 1154,
1127 720 1197 784 ubi·
1213 720 1298 785 Stre-

116 827 275 912 psiades‚
307 827 394 910 quod
423 825 507 892 filius
536 824 709 912 perdidicit
739 825 862 910 gaudet
884 825 1048 909 liliumque
1071 824 1254 911 praedicam
1277 826 1299 890 4

118 934 290 1000 trimetros
313 933 469 1000 iambicos
492 940 669 1017 sequuntur
693 928 713 998 6
736 933 850 1000 ionici:

234 1081 264 1126 v.
291 1059 375 1124 1158
400 1057 469 1137 οῐος
492 1060 561 1137 ἐμοὶ
584 1047 732 1138 τρέφεται
755 1057 857 1122 τοῖσδ’
881 1037 931 1124 ἑνὶΙ
951 1059 1078 1137 δώμασι
1101 1062 1176 1138 παῖς

483 1167 621 1245 ἀμφήκει
644 1166 765 1250 γλώττῃ
789 1166 931 1245 λάμπων.

122 1298 158 1356 et
184 1291 248 1355 boc
272 1290 342 1384 loco
367 1288 497 1356 molossi
513 1289 708 1373 gravitatem
724 1289 887 1372 quandam
907 1273 1167 1376 praeseferunt.
1206 1289 1301 1355 finem

123 1395 283 1463 carminis
315 1395 495 1462 intermisso
528 1397 672 1461 trimetro
705 1396 844 1462 iambico
881 1397 1055 1462 membrum
1092 1397 1173 1472 illud
1212 1397 1300 1481 facit,

124 1504 219 1586 quod
242 1503 275 1568 in
298 1504 326 1568 E
349 1503 442 1569 nobis
465 1489 615 1588 occurrit,
641 1529 854 1556 ------
876 1512 992 1587 quater
1016 1505 1204 1590 repetitum:

239 1651 269 1696 v.
296 1625 380 1694 1162
404 1631 558 1707 λυσανίας
580 1634 739 1715 πατρῴων
763 1632 909 1709 μεγάλων
931 1635 1046 1696 κακῶν·

404 1737 442 1801 ὃν
465 1736 744 1817 κάλεσοντρέχων
767 1739 899 1802 ἔνδοθεν
923 1739 968 1816 ὡς
992 1739 1058 1818 ἐμέ..

239 1897 350 1962 Novas
379 1894 412 1960 in
439 1893 554 1960 ionicis
578 1893 806 1980 componendis
836 1895 983 1961 licentias
1014 1917 1054 1961 ex
1082 1899 1224 1963 carmine
1252 1899 1302 1964 Av

129 2006 220 2070 1313
246 2002 487 2087 cognoscimus:

239 2131 316 2208 ταχὺ
341 2131 379 2207 δὴ
403 2127 589 2206 πολυάνορα
611 2127 669 2191 τὰν
692 2128 784 2192 πόλιν
807 2132 893 2193 καλεῖ
916 2148 963 2206 τις
987 2129 1175 2209 ἀνθρώπων.

239 2238 316 2317 τύχα
339 2236 438 2314 μόνον
459 2236 604 2314 προσείη.

239 2346 406 2425 κατέχουσι
430 2343 458 2408 δ’
481 2345 597 2423 ἔρωτες
621 2344 699 2421 ἐμᾶς
721 2335 867 2422 πόλεως’

221 2493 282 2544 Ᾰ-
307 2457 423 2518 θᾶττον
447 2453 557 2531 φὲρειν
580 2451 706 2515 κελεύω.

175 2602 220 2610 -
238 2561 266 2625 τί
290 2561 351 2638 γὰρ
374 2565 432 2622 οὐκ
456 2559 501 2622 ἔνι
524 2559 620 2642 ταύτῃ

239 2668 336 2732 καλὸν
360 2665 451 2745 ἀνδρὶ
476 2669 640 2744 μετοικεῖν;

239 2775 346 2854 Σοφία
368 2774 479 2851 Πόθος
502 2772 672 2852 ἀμβρόσιαι
697 2773 827 2853 Χάριτες

240 2883 276 2946 τό
299 2903 333 2947 τε
355 2886 412 2960 τᾶς
435 2883 662 2961 ἀγανόφρονος
684 2880 835 2961 Ἡσυχίας

347 2990 502 3069 εὐάμερον
524 2989 711 3069 πρόσωπον.

137 3847 222 3913 tertii
237 3847 330 3914 metri
347 3848 503 3933 (iambici)
521 3848 625 3934 prima
640 3848 768 3934 syllaba
784 3868 961 3933 suppressa
977 3856 1035 3915 est.
1065 3848 1303 3914 similitudinem

137 3955 219 4020 inter
243 3955 371 4020 tertium
395 3963 426 4020 et
451 3954 596 4020 ultimum
621 3975 749 4020 versum
773 3955 870 4021 facile
896 3975 1086 4039 cognoscas.
1133 3962 1304 4041 praeterea

76 4089 79 4096 ¹
139 4063 221 4127 duae
243 4062 276 4126 in
299 4061 361 4127 hoc
377 4060 518 4130 carmine
534 4081 586 4126 res
602 4061 910 4128 animadvertandae
933 4068 1016 4129 sunt.
1063 4062 1303 4148 primumquod

139 4190 235 4255 saepe
258 4169 290 4234 in
314 4169 403 4235 initio
427 4168 552 4255 periodi
576 4175 721 4234 extrema
744 4168 841 4234 ionici
863 4169 957 4254 primi
978 4170 1106 4254 syllaba
1129 4189 1304 4256 suppressa

140 4285 185 4344 est
209 4276 313 4362 (sequi
336 4277 417 4343 solet
440 4277 566 4360 integer
588 4276 711 4343 ionicus
734 4299 754 4343 a
777 4277 923 4358 minore).
970 4284 1019 4343 est
1049 4278 1157 4361 igitur,
1188 4283 1223 4342 ut
1245 4298 1303 4343 nos

140 4384 284 4470 dicimus,
306 4385 368 4448 ‘ein
387 4383 580 4450 Leitmctiv’.
627 4383 745 4450 clarius
766 4384 870 4449 elucet
891 4385 923 4448 in
944 4382 1095 4450 brevibus
1117 4384 1180 4464 illis
1203 4384 1302 4450 versi-

141 4490 219 4556 culis
243 4513 273 4558 v.
300 4492 385 4556 1319
410 4511 468 4575 sq„
494 4490 547 4574 qui
571 4511 645 4556 mox
669 4496 842 4556 recurrent.
880 4490 997 4556 deinde
1021 4490 1237 4557 memorabilis
1256 4497 1305 4556 est

142 4619 252 4666 versus
273 4598 344 4665 linis
368 4598 432 4684 ille,
456 4598 512 4664 ubi
534 4605 608 4685 post
631 4598 771 4664 iambum
796 4598 880 4663 duae
904 4598 1051 4683 syllabae
1079 4599 1205 4684 positae
1231 4605 1305 4665 sunt
1337 4619 1339 4622 ·
