3316 5406
625 523 846 595 -47-

150 727 297 794 similiter
318 727 359 796 N.
383 748 414 794 ν.
438 728 504 792 285
527 747 575 809 sq.
600 732 652 811 (=
672 727 737 792 309
761 731 838 810 sq.)‚
866 725 922 791 ubi
949 725 1128 809 glyconeus
1152 724 1322 810 polysche-

149 837 299 902 matistus
323 835 378 917 qui
400 833 567 918 dactylum
589 833 692 919 primo
722 834 794 899 loco
825 833 924 898 habet
947 832 1158 898 catalecticus
1181 832 1322 916 dactylis

150 941 371 1026 subiungitur:
784 981 785 984 =
935 977 937 982 .

366 1045 452 1126 ὄμμα
475 1047 537 1136 γὰρ
560 1045 688 1125 αἰθέρος
712 1046 875 1124 ἀκάματον
899 1046 1077 1118 σελαγεῖται

381 1145 382 1152 '
473 1153 668 1232 μαρμαρέαις
692 1151 726 1216 ἐν
750 1152 872 1229 αὐγαῖς.

149 1258 319 1325 anacrusis
358 1257 494 1324 duarum
528 1257 674 1340 brevium
707 1257 868 1323 invonitur
902 1261 942 1328 R.
978 1282 1008 1328 ν.
1042 1260 1106 1324 679
1143 1265 1198 1342 (=
1227 1258 1322 1342 710);

366 1363 604 1444 φιλοτιμότεραι,
628 1363 838 1444 Κλεοφῶντος
861 1364 911 1446 ἐφ’
936 1365 974 1428 οὗ
999 1367 1036 1444 bb
1061 1366 1198 1445 χείλεσιν
1221 1365 1284 1427 κτλ.

149 1492 183 1538 v.
208 1471 272 1536 683
290 1475 345 1555 (=
363 1471 458 1554 714);
483 1471 531 1534 eu
556 1471 873 1550 βάρβαρονὲῑομένη
897 1473 1044 1536 πέταλον.

148 1597 264 1644 versus
288 1576 343 1659 qui
366 1576 483 1641 dicitur
506 1576 682 1662 enoplius¹)
707 1578 846 1643 occurrit
871 1579 899 1644 V
923 1579 1023 1664 (1518
1042 1579 1163 1662 =)123
1202 1577 1203 1582 ’

312 1685 409 1764 ταχὺν
431 1684 517 1748 πόδα
541 1687 760 1764 κυκλοσοβεῖτε
785 1687 895 1750 καὶτὸ
919 1685 1105 1766 Φρυνιχεῖον

150 1796 251 1872 atque
274 1789 361 1857 idom
383 1791 493 1876 paullo
517 1789 731 1876 amplificatus

314 1897 527 1962 ἐκλακτισάτω
550 1917 605 1974 τις,
629 1895 718 1974 ὅπως

315 2003 437 2081 ἰδόντες
460 2002 527 2067 ἄνω
551 2003 666 2081 σκέλος
689 2002 816 2068 ὤζωσιν
841 2003 870 2067 οἱ
895 2005 1013 2079 θεαταί,
1243 2077 1246 2082 .

152 2108 210 2173 ubi
243 2108 473 2196 ithyphallicus
508 2109 601 2175 unius
636 2109 786 2176 vocabuli
821 2109 949 2176 vinculo
987 2130 1060 2175 cum
1095 2110 1236 2196 dactylis
1270 2111 1324 2194 qui

155 2215 350 2282 antecedunt
373 2213 575 2300 coniungitur
599 2215 788 2300 (ιίιῖῑωσιν).
828 2215 903 2280 inde
926 2237 996 2284 av.
1016 2218 1100 2285 1528
1121 2219 1200 2283 κατὰ
1214 2219 1324 2297 στίχον

156 2321 274 2406 enoplii
297 2319 464 2406 compositi
487 2327 570 2387 sunt.
589 2361 627 2368 -
646 2320 728 2387 arsis
744 2320 868 2406 dactyli
884 2323 990 2388 soluta
1013 2322 1173 2389 invenitur
1192 2323 1220 2388 E
1239 2324 1323 2390 1168

155 2429 285 2513 saepius
308 2429 340 2492 in
364 2433 564 2494 monstruoso
588 2426 643 2493 illo
666 2427 824 2493 vocabulo
841 2432 975 2493 λεπαδο-
992 2433 1065 2504 κτλ,
1090 2430 1122 2494 in
1138 2431 1255 2496 vocula
1271 2433 1324 2494 διὰ

155 2536 216 2602 Αν.
240 2557 270 2601 v.
297 2535 383 2599 1754
406 2536 459 2598 διὰ
482 2538 521 2599 σὲ
544 2535 583 2599 τὰ
605 2536 709 2599 πάντα
732 2536 904 2614 κρατήσας,
934 2535 967 2600 in
992 2535 1134 2601 eiulandi
1158 2537 1324 2603 vocabulis

155 2641 229 2726 illis,
254 2640 369 2722 quibus
392 2639 500 2706 avium
523 2659 620 2706 voces
644 2646 742 2724 poeta
770 2640 913 2707 imitatur
945 2642 996 2707 Αν
1027 2643 1089 2707 737
1110 2674 1146 2702 =
1166 2643 1219 2707 69.
1266 2643 1324 2708 sed

155 2747 322 2832 stropham
344 2746 528 2813 exscribere
552 2753 583 2812 et
607 2767 665 2832 per
688 2753 791 2812 metra
816 2747 992 2816 discribere
1015 2750 1122 2816 liceat.

317 2853 436 2918 Μοῦσα
459 2855 594 2933 λοχμαία

256 3067 766 3148 ·mmfflffimw

368 3177 459 3238 παισί
482 3195 515 3239 τε
539 3178 732 3255 κορυφαῖσιν
755 3174 782 3237 τ’
808 3174 842 3238 ἐν
866 3173 986 3254 ὀρείαις

368 3281 416 3344 τιὸ
439 3281 487 3345 τιὸ
510 3282 559 3344 τιὸ
582 3281 677 3347 τιοτίξ

316 3387 461 3466 ἱζόμενος
484 3390 592 3467 μελίας
615 3388 664 3452 ἐπὶ
689 3390 894 3469 φυλλοκόμου

368 3495 417 3558 τιὸ
440 3495 488 3559 τιὸ
511 3496 559 3558 τιὸ
582 3495 662 3579 μα’)

371 3601 409 3664 δι’
434 3601 511 3679 ἐμῆς
533 3602 648 3678 γένυος
671 3605 789 3680 ξουθῆς
814 3603 935 3678 μελέων

185 3713 187 3718 ’
316 3706 400 3771 Πανὶ
424 3707 544 3785 νόμους
568 3706 674 3787 ἱεροὺς
697 3707 868 3787 ἀναφαίνω

318 3815 420 3891 σεμνά
443 3834 476 3878 τε
500 3814 591 3893 μητρὶ
614 3812 780 3892 χορεύματ’
804 3813 894 3898 ὀρείᾳ

369 3940 482 3985 τοτοτο
505 3939 618 3985 τοτοτο
641 3921 800 3987 τοτοτοτίξ

317 4027 408 4091 ἔνθεν
432 4027 570 4106 ὡσπερεὶ
594 4028 720 4106 μέλιττα

371 4132 527 4212 Φρύνιχος
551 4133 737 4212 ἀμβροσίων
761 4135 882 4212 μελέων
906 4134 1103 4213 ἀπεβόσκετο
1126 4137 1249 4213 καρπὸν

372 4241 419 4306 ἀεὶ
443 4243 555 4322 φέρων
577 4245 723 4318 γλυκεῖαν
747 4243 845 4328 ᾠδάν.

370 4349 418 4412 τιό
441 4349 489 4412 τιὸ
513 4351 560 4412 τιὸ
584 4350 689 4415 τιοτίξ.

265 4493 289 4558 ¹)
309 4491 378 4546 Wil.
397 4490 485 4546 Her.²
504 4491 533 4544 Il
552 4505 602 4562 pg.
621 4491 664 4545 at.

266 4580 288 4648 ²)
308 4579 385 4634 Nam
404 4582 447 4636 slc
466 4581 558 4635 etiam
577 4596 604 4634 v.
624 4580 840 4649 antistropblco
861 4579 935 4648 (775)
955 4580 1099 4634 traditum
1119 4585 1173 4635 est.
