<?xml version="1.0" encoding="UTF-8"?>
<!DOCTYPE html PUBLIC "-//W3C//DTD XHTML 1.0 Transitional//EN"
    "http://www.w3.org/TR/xhtml1/DTD/xhtml1-transitional.dtd">
<html xmlns="http://www.w3.org/1999/xhtml" xml:lang="en" lang="en">
 <head>
  <title>
</title>
<meta http-equiv="Content-Type" content="text/html;charset=utf-8" />
  <meta name='ocr-system' content='tesseract 3.04.00' />
  <meta name='ocr-capabilities' content='ocr_page ocr_carea ocr_par ocr_line ocrx_word'/>
</head>
<body>
  <div class='ocr_page' id='page_1' title='image "./dearistophanisc01steugoog_0030.png"; bbox 0 0 3316 5406; ppageno 0'>
   <div class='ocr_carea' id='block_1_1' title="bbox 618 535 839 598">
    <p class='ocr_par' dir='ltr' id='par_1_1' title="bbox 618 535 839 598">
     <span class='ocr_line' id='line_1_1' title="bbox 618 535 839 598; baseline 0.009 -15"><span class='ocrx_word' id='word_1_1' title='bbox 618 535 839 598; x_wconf 64' lang='grc'><strong>,23-</strong></span> 
     </span>
    </p>
   </div>
   <div class='ocr_carea' id='block_1_2' title="bbox 137 727 1313 2525">
    <p class='ocr_par' dir='ltr' id='par_1_2' title="bbox 137 727 1313 2525">
     <span class='ocr_line' id='line_1_2' title="bbox 251 727 1313 813; baseline -0.001 -20"><span class='ocrx_word' id='word_1_2' title='bbox 251 729 279 793; x_wconf 89' lang='lat' dir='ltr'><strong>R</strong></span> <span class='ocrx_word' id='word_1_3' title='bbox 310 731 374 793; x_wconf 76' lang='grc'><strong>323</strong></span> <span class='ocrx_word' id='word_1_4' title='bbox 406 727 553 794; x_wconf 89' lang='lat' dir='ltr'><strong>Bacchus</strong></span> <span class='ocrx_word' id='word_1_5' title='bbox 584 749 604 792; x_wconf 90' lang='lat' dir='ltr'><strong>a</strong></span> <span class='ocrx_word' id='word_1_6' title='bbox 633 727 746 811; x_wconf 84' lang='lat' dir='ltr'>mystis</span> <span class='ocrx_word' id='word_1_7' title='bbox 774 729 952 813; x_wconf 87' lang='lat' dir='ltr'><strong>invocatur,</strong></span> <span class='ocrx_word' id='word_1_8' title='bbox 983 728 1038 792; x_wconf 90' lang='lat' dir='ltr'><strong>ubi</strong></span> <span class='ocrx_word' id='word_1_9' title='bbox 1068 736 1189 792; x_wconf 90' lang='lat' dir='ltr'><strong>certum</strong></span> <span class='ocrx_word' id='word_1_10' title='bbox 1220 747 1313 794; x_wconf 91' lang='lat' dir='ltr'><strong>usum</strong></span> 
     </span>
     <span class='ocr_line' id='line_1_3' title="bbox 142 835 1312 920; baseline 0 -20"><span class='ocrx_word' id='word_1_11' title='bbox 142 856 182 900; x_wconf 88' lang='lat' dir='ltr'><strong>ao</strong></span> <span class='ocrx_word' id='word_1_12' title='bbox 219 845 341 901; x_wconf 88' lang='lat' dir='ltr'><strong>certam</strong></span> <span class='ocrx_word' id='word_1_13' title='bbox 373 835 608 902; x_wconf 82' lang='lat' dir='ltr'>invocationem</span> <span class='ocrx_word' id='word_1_14' title='bbox 644 835 741 900; x_wconf 90' lang='lat' dir='ltr'><strong>certis</strong></span> <span class='ocrx_word' id='word_1_15' title='bbox 778 837 917 902; x_wconf 88' lang='lat' dir='ltr'><strong>numeris</strong></span> <span class='ocrx_word' id='word_1_16' title='bbox 956 855 1145 920; x_wconf 82' lang='lat' dir='ltr'><strong>expressam</strong></span> <span class='ocrx_word' id='word_1_17' title='bbox 1183 842 1312 919; x_wconf 87' lang='lat' dir='ltr'><strong>poetam</strong></span> 
     </span>
     <span class='ocr_line' id='line_1_4' title="bbox 141 940 1312 1029; baseline 0 -23"><span class='ocrx_word' id='word_1_18' title='bbox 141 942 261 1008; x_wconf 89' lang='lat' dir='ltr'><strong>imitari</strong></span> <span class='ocrx_word' id='word_1_19' title='bbox 277 950 424 1029; x_wconf 90' lang='lat' dir='ltr'><strong>apparet.</strong></span> <span class='ocrx_word' id='word_1_20' title='bbox 466 963 595 1008; x_wconf 88' lang='lat' dir='ltr'><strong>carmen</strong></span> <span class='ocrx_word' id='word_1_21' title='bbox 619 941 717 1026; x_wconf 88' lang='lat' dir='ltr'><strong>igitur</strong></span> <span class='ocrx_word' id='word_1_22' title='bbox 740 944 866 1008; x_wconf 86' lang='lat' dir='ltr'><strong>sacrale</strong></span> <span class='ocrx_word' id='word_1_23' title='bbox 890 950 921 1008; x_wconf 91' lang='lat' dir='ltr'><strong>et</strong></span> <span class='ocrx_word' id='word_1_24' title='bbox 941 942 1063 1007; x_wconf 87' lang='lat' dir='ltr'><strong>numeri</strong></span> <span class='ocrx_word' id='word_1_25' title='bbox 1086 949 1122 1006; x_wconf 93' lang='lat' dir='ltr'><strong>ut</strong></span> <span class='ocrx_word' id='word_1_26' title='bbox 1144 943 1190 1007; x_wconf 84' lang='lat' dir='ltr'><strong>ita</strong></span> <span class='ocrx_word' id='word_1_27' title='bbox 1206 940 1312 1006; x_wconf 88' lang='lat' dir='ltr'><strong>dicam</strong></span> 
     </span>
     <span class='ocr_line' id='line_1_5' title="bbox 142 1049 1312 1134; baseline -0.001 -19"><span class='ocrx_word' id='word_1_28' title='bbox 142 1051 287 1117; x_wconf 87' lang='lat' dir='ltr'><strong>sacrales</strong></span> <span class='ocrx_word' id='word_1_29' title='bbox 310 1057 393 1131; x_wconf 90' lang='lat' dir='ltr'><strong>sunt,</strong></span> <span class='ocrx_word' id='word_1_30' title='bbox 410 1050 523 1132; x_wconf 88' lang='lat' dir='ltr'><strong>quales</strong></span> <span class='ocrx_word' id='word_1_31' title='bbox 546 1050 578 1114; x_wconf 93' lang='lat' dir='ltr'><strong>in</strong></span> <span class='ocrx_word' id='word_1_32' title='bbox 602 1049 814 1116; x_wconf 87' lang='lat' dir='ltr'><strong>advocatione</strong></span> <span class='ocrx_word' id='word_1_33' title='bbox 830 1050 951 1116; x_wconf 88' lang='lat' dir='ltr'><strong>Bacchi</strong></span> <span class='ocrx_word' id='word_1_34' title='bbox 976 1049 1222 1134; x_wconf 83' lang='lat' dir='ltr'><strong>adhibebantur,</strong></span> <span class='ocrx_word' id='word_1_35' title='bbox 1240 1069 1312 1114; x_wconf 86' lang='lat' dir='ltr'><strong>eum</strong></span> 
     </span>
     <span class='ocr_line' id='line_1_6' title="bbox 141 1156 1312 1242; baseline 0 -22"><span class='ocrx_word' id='word_1_36' title='bbox 141 1156 308 1222; x_wconf 82' lang='lat' dir='ltr'><strong>Eleusinia</strong></span> <span class='ocrx_word' id='word_1_37' title='bbox 331 1164 513 1241; x_wconf 83' lang='lat' dir='ltr'><strong>agerentur.</strong></span> <span class='ocrx_word' id='word_1_38' title='bbox 540 1197 579 1206; x_wconf 89' lang='lat'>—</span> <span class='ocrx_word' id='word_1_39' title='bbox 604 1157 744 1240; x_wconf 70' lang='lat' dir='ltr'>E9122)</span> <span class='ocrx_word' id='word_1_40' title='bbox 769 1158 878 1242; x_wconf 91' lang='lat' dir='ltr'><strong>puella</strong></span> <span class='ocrx_word' id='word_1_41' title='bbox 902 1157 1054 1240; x_wconf 88' lang='lat' dir='ltr'><strong>queritur,</strong></span> <span class='ocrx_word' id='word_1_42' title='bbox 1079 1156 1165 1239; x_wconf 90' lang='lat' dir='ltr'><strong>quod</strong></span> <span class='ocrx_word' id='word_1_43' title='bbox 1190 1156 1312 1221; x_wconf 88' lang='lat' dir='ltr'><strong>amicus</strong></span> 
     </span>
     <span class='ocr_line' id='line_1_7' title="bbox 140 1261 1312 1349; baseline 0 -21"><span class='ocrx_word' id='word_1_44' title='bbox 140 1285 204 1330; x_wconf 95' lang='lat' dir='ltr'><strong>non</strong></span> <span class='ocrx_word' id='word_1_45' title='bbox 229 1264 325 1349; x_wconf 85' lang='lat' dir='ltr'><strong>venit,</strong></span> <span class='ocrx_word' id='word_1_46' title='bbox 350 1284 431 1330; x_wconf 87' lang='lat' dir='ltr'><strong>anus</strong></span> <span class='ocrx_word' id='word_1_47' title='bbox 455 1263 565 1328; x_wconf 90' lang='lat' dir='ltr'><strong>dolore</strong></span> <span class='ocrx_word' id='word_1_48' title='bbox 594 1263 662 1328; x_wconf 90' lang='lat' dir='ltr'><strong>eius</strong></span> <span class='ocrx_word' id='word_1_49' title='bbox 690 1263 822 1346; x_wconf 91' lang='lat' dir='ltr'><strong>gaudet.</strong></span> <span class='ocrx_word' id='word_1_50' title='bbox 869 1265 933 1329; x_wconf 88' lang='grc'><strong>938</strong></span> <span class='ocrx_word' id='word_1_51' title='bbox 963 1262 1153 1330; x_wconf 85' lang='lat' dir='ltr'><strong>adolescens</strong></span> <span class='ocrx_word' id='word_1_52' title='bbox 1177 1261 1312 1328; x_wconf 87' lang='lat' dir='ltr'><strong>Veneris</strong></span> 
     </span>
     <span class='ocr_line' id='line_1_8' title="bbox 141 1368 1310 1456; baseline -0.002 -20"><span class='ocrx_word' id='word_1_53' title='bbox 141 1371 369 1456; x_wconf 86' lang='lat' dir='ltr'><strong>cupidissimus</strong></span> <span class='ocrx_word' id='word_1_54' title='bbox 392 1371 425 1434; x_wconf 93' lang='lat' dir='ltr'><strong>in</strong></span> <span class='ocrx_word' id='word_1_55' title='bbox 449 1391 579 1436; x_wconf 87' lang='lat' dir='ltr'><strong>scenam</strong></span> <span class='ocrx_word' id='word_1_56' title='bbox 603 1369 711 1455; x_wconf 86' lang='lat' dir='ltr'><strong>prodit</strong></span> <span class='ocrx_word' id='word_1_57' title='bbox 734 1377 766 1436; x_wconf 87' lang='lat' dir='ltr'><strong>et</strong></span> <span class='ocrx_word' id='word_1_58' title='bbox 794 1391 815 1434; x_wconf 91' lang='lat' dir='ltr'><strong>a</strong></span> <span class='ocrx_word' id='word_1_59' title='bbox 843 1369 975 1435; x_wconf 88' lang='lat' dir='ltr'><strong>muliere</strong></span> <span class='ocrx_word' id='word_1_60' title='bbox 998 1368 1168 1454; x_wconf 85' lang='lat' dir='ltr'><strong>excipitur.</strong></span> <span class='ocrx_word' id='word_1_61' title='bbox 1215 1369 1310 1448; x_wconf 75' lang='lat'>952¹)</span> 
     </span>
     <span class='ocr_line' id='line_1_9' title="bbox 140 1475 1312 1560; baseline -0.002 -18"><span class='ocrx_word' id='word_1_62' title='bbox 140 1485 173 1542; x_wconf 91' lang='lat' dir='ltr'><strong>ct</strong></span> <span class='ocrx_word' id='word_1_63' title='bbox 204 1498 288 1560; x_wconf 90' lang='lat' dir='ltr'><strong>quae</strong></span> <span class='ocrx_word' id='word_1_64' title='bbox 317 1486 492 1560; x_wconf 88' lang='lat' dir='ltr'><strong>sequuntur</strong></span> <span class='ocrx_word' id='word_1_65' title='bbox 521 1476 714 1542; x_wconf 88' lang='lat' dir='ltr'><strong>carminibus</strong></span> <span class='ocrx_word' id='word_1_66' title='bbox 745 1497 825 1542; x_wconf 87' lang='lat' dir='ltr'><strong>anus</strong></span> <span class='ocrx_word' id='word_1_67' title='bbox 855 1497 980 1542; x_wconf 92' lang='lat' dir='ltr'><strong>summa</strong></span> <span class='ocrx_word' id='word_1_68' title='bbox 1009 1476 1143 1542; x_wconf 87' lang='lat' dir='ltr'><strong>libidine</strong></span> <span class='ocrx_word' id='word_1_69' title='bbox 1173 1475 1312 1560; x_wconf 86' lang='lat' dir='ltr'><strong>impulsa</strong></span> 
     </span>
     <span class='ocr_line' id='line_1_10' title="bbox 140 1583 1312 1669; baseline -0.002 -19"><span class='ocrx_word' id='word_1_70' title='bbox 140 1585 380 1650; x_wconf 86' lang='lat' dir='ltr'><strong>adolescentem</strong></span> <span class='ocrx_word' id='word_1_71' title='bbox 397 1591 544 1669; x_wconf 86' lang='lat' dir='ltr'><strong>temptat,</strong></span> <span class='ocrx_word' id='word_1_72' title='bbox 562 1584 616 1666; x_wconf 86' lang='lat' dir='ltr'><strong>qui</strong></span> <span class='ocrx_word' id='word_1_73' title='bbox 640 1583 791 1668; x_wconf 89' lang='lat' dir='ltr'><strong>cupidine</strong></span> <span class='ocrx_word' id='word_1_74' title='bbox 807 1585 936 1669; x_wconf 87' lang='lat' dir='ltr'><strong>puellae</strong></span> <span class='ocrx_word' id='word_1_75' title='bbox 952 1583 1079 1666; x_wconf 82' lang='lat' dir='ltr'><strong>flagrat.</strong></span> <span class='ocrx_word' id='word_1_76' title='bbox 1127 1589 1199 1648; x_wconf 91' lang='lat' dir='ltr'><strong>sunt</strong></span> <span class='ocrx_word' id='word_1_77' title='bbox 1213 1584 1312 1667; x_wconf 87' lang='lat' dir='ltr'><strong>igitur</strong></span> 
     </span>
     <span class='ocr_line' id='line_1_11' title="bbox 140 1691 1311 1777; baseline -0.002 -21"><span class='ocrx_word' id='word_1_78' title='bbox 140 1691 423 1777; x_wconf 85' lang='lat' dir='ltr'><strong>paraclausithyra</strong></span> <span class='ocrx_word' id='word_1_79' title='bbox 447 1711 531 1774; x_wconf 84' lang='lat' dir='ltr'><strong>qrrae</strong></span> <span class='ocrx_word' id='word_1_80' title='bbox 555 1698 711 1756; x_wconf 86' lang='lat' dir='ltr'><strong>vocantur</strong></span> <span class='ocrx_word' id='word_1_81' title='bbox 734 1698 831 1773; x_wconf 90' lang='lat' dir='ltr'><strong>atque</strong></span> <span class='ocrx_word' id='word_1_82' title='bbox 855 1710 991 1776; x_wconf 88' lang='lat' dir='ltr'><strong>poeseos</strong></span> <span class='ocrx_word' id='word_1_83' title='bbox 1007 1691 1173 1776; x_wconf 86' lang='lat' dir='ltr'><strong>popularis</strong></span> <span class='ocrx_word' id='word_1_84' title='bbox 1197 1691 1311 1756; x_wconf 89' lang='lat' dir='ltr'><strong>summi</strong></span> 
     </span>
     <span class='ocr_line' id='line_1_12' title="bbox 139 1796 1310 1881; baseline -0.001 -17"><span class='ocrx_word' id='word_1_85' title='bbox 139 1805 253 1881; x_wconf 85' lang='lat' dir='ltr'><strong>testes3</strong></span> <span class='ocrx_word' id='word_1_86' title='bbox 292 1797 419 1866; x_wconf 85' lang='lat' dir='ltr'><strong>accedit</strong></span> <span class='ocrx_word' id='word_1_87' title='bbox 455 1797 490 1862; x_wconf 96' lang='lat' dir='ltr'><strong>id</strong></span> <span class='ocrx_word' id='word_1_88' title='bbox 529 1797 614 1880; x_wconf 90' lang='lat' dir='ltr'><strong>quod</strong></span> <span class='ocrx_word' id='word_1_89' title='bbox 645 1818 703 1863; x_wconf 91' lang='lat' dir='ltr'><strong>nos</strong></span> <span class='ocrx_word' id='word_1_90' title='bbox 742 1797 878 1863; x_wconf 86' lang='lat' dir='ltr'><strong>dicimus</strong></span> <span class='ocrx_word' id='word_1_91' title='bbox 913 1796 1061 1862; x_wconf 82' lang='lat' dir='ltr'><strong>‘Refrain’</strong></span> <span class='ocrx_word' id='word_1_92' title='bbox 1095 1819 1127 1863; x_wconf 88' lang='lat' dir='ltr'><strong>v.</strong></span> <span class='ocrx_word' id='word_1_93' title='bbox 1153 1798 1310 1863; x_wconf 47' lang='lat' dir='ltr'><strong>‘atu-59</strong></span> 
     </span>
     <span class='ocr_line' id='line_1_13' title="bbox 142 1903 1310 1984; baseline 0.004 -20"><span class='ocrx_word' id='word_1_94' title='bbox 142 1937 180 1964; x_wconf 89' lang='lat'><strong><em>=</em></strong></span> <span class='ocrx_word' id='word_1_95' title='bbox 200 1906 331 1970; x_wconf 75' lang='lat' dir='ltr'><strong>tto-68</strong></span> <span class='ocrx_word' id='word_1_96' title='bbox 356 1907 450 1983; x_wconf 80' lang='grc' dir='ltr'>μέθες</span> <span class='ocrx_word' id='word_1_97' title='bbox 473 1905 615 1983; x_wconf 81' lang='grc' dir='ltr'>ἱκνοῦμαι</span> <span class='ocrx_word' id='word_1_98' title='bbox 639 1904 670 1968; x_wconf 78' lang='lat' dir='ltr'><strong>o&#39;</strong></span> <span class='ocrx_word' id='word_1_99' title='bbox 690 1905 795 1983; x_wconf 87' lang='grc' dir='ltr'>Ἔρως</span> <span class='ocrx_word' id='word_1_100' title='bbox 818 1907 869 1969; x_wconf 86' lang='grc' dir='ltr'><strong>καὶ</strong></span> <span class='ocrx_word' id='word_1_101' title='bbox 891 1906 1031 1984; x_wconf 88' lang='grc' dir='ltr'>ποίησον</span> <span class='ocrx_word' id='word_1_102' title='bbox 1049 1903 1135 1984; x_wconf 86' lang='grc' dir='ltr'>τήνδ’</span> <span class='ocrx_word' id='word_1_103' title='bbox 1160 1906 1193 1982; x_wconf 87' lang='grc' dir='ltr'><strong>ἐς</strong></span> <span class='ocrx_word' id='word_1_104' title='bbox 1216 1905 1310 1984; x_wconf 86' lang='grc' dir='ltr'>εύνήν</span> 
     </span>
     <span class='ocr_line' id='line_1_14' title="bbox 139 2009 1310 2097; baseline 0.002 -21"><span class='ocrx_word' id='word_1_105' title='bbox 139 2016 197 2090; x_wconf 89' lang='grc' dir='ltr'><strong>τήν</strong></span> <span class='ocrx_word' id='word_1_106' title='bbox 221 2014 299 2090; x_wconf 84' lang='grc' dir='ltr'>ἐμήν</span> <span class='ocrx_word' id='word_1_107' title='bbox 323 2013 455 2088; x_wconf 79' lang='grc' dir='ltr'>ἱκέσθαι,</span> <span class='ocrx_word' id='word_1_108' title='bbox 473 2031 537 2094; x_wconf 86' lang='lat' dir='ltr'><strong>qua</strong></span> <span class='ocrx_word' id='word_1_109' title='bbox 558 2011 599 2076; x_wconf 90' lang='lat' dir='ltr'><strong>de</strong></span> <span class='ocrx_word' id='word_1_110' title='bbox 619 2032 653 2076; x_wconf 89' lang='lat' dir='ltr'><strong>re</strong></span> <span class='ocrx_word' id='word_1_111' title='bbox 670 2033 700 2077; x_wconf 90' lang='lat' dir='ltr'><strong>v.</strong></span> <span class='ocrx_word' id='word_1_112' title='bbox 715 2033 770 2097; x_wconf 88' lang='lat' dir='ltr'><strong>pg.</strong></span> <span class='ocrx_word' id='word_1_113' title='bbox 795 2012 845 2078; x_wconf 87' lang='grc'><strong>16.</strong></span> <span class='ocrx_word' id='word_1_114' title='bbox 904 2018 1003 2094; x_wconf 86' lang='lat' dir='ltr'><strong>utque</strong></span> <span class='ocrx_word' id='word_1_115' title='bbox 1026 2011 1124 2076; x_wconf 87' lang='lat' dir='ltr'><strong>etiarn</strong></span> <span class='ocrx_word' id='word_1_116' title='bbox 1143 2009 1175 2075; x_wconf 94' lang='lat' dir='ltr'><strong>in</strong></span> <span class='ocrx_word' id='word_1_117' title='bbox 1197 2011 1310 2078; x_wconf 91' lang='lat' dir='ltr'><strong>ionicis</strong></span> 
     </span>
     <span class='ocr_line' id='line_1_15' title="bbox 139 2119 1309 2203; baseline 0.002 -20"><span class='ocrx_word' id='word_1_118' title='bbox 139 2119 183 2184; x_wconf 86' lang='lat' dir='ltr'><strong>ad</strong></span> <span class='ocrx_word' id='word_1_119' title='bbox 208 2120 289 2184; x_wconf 89' lang='lat' dir='ltr'><strong>duos</strong></span> <span class='ocrx_word' id='word_1_120' title='bbox 312 2119 383 2184; x_wconf 86' lang='lat' dir='ltr'><strong>illos</strong></span> <span class='ocrx_word' id='word_1_121' title='bbox 407 2120 511 2184; x_wconf 87' lang='lat' dir='ltr'><strong>fontes</strong></span> <span class='ocrx_word' id='word_1_122' title='bbox 529 2119 716 2183; x_wconf 88' lang='lat' dir='ltr'><strong>comoediae</strong></span> <span class='ocrx_word' id='word_1_123' title='bbox 732 2138 930 2203; x_wconf 89' lang='lat' dir='ltr'><strong>revocamur,</strong></span> <span class='ocrx_word' id='word_1_124' title='bbox 948 2138 1078 2184; x_wconf 86' lang='lat' dir='ltr'><strong>carmen</strong></span> <span class='ocrx_word' id='word_1_125' title='bbox 1094 2119 1219 2186; x_wconf 88' lang='lat' dir='ltr'><strong>sacrale</strong></span> <span class='ocrx_word' id='word_1_126' title='bbox 1236 2119 1309 2185; x_wconf 89' lang='lat' dir='ltr'><strong>dieo</strong></span> 
     </span>
     <span class='ocr_line' id='line_1_16' title="bbox 139 2225 1309 2312; baseline 0.002 -22"><span class='ocrx_word' id='word_1_127' title='bbox 139 2233 173 2290; x_wconf 89' lang='lat' dir='ltr'><strong>ct</strong></span> <span class='ocrx_word' id='word_1_128' title='bbox 197 2227 363 2311; x_wconf 88' lang='lat' dir='ltr'><strong>populare,</strong></span> <span class='ocrx_word' id='word_1_129' title='bbox 388 2227 440 2290; x_wconf 89' lang='lat' dir='ltr'><strong>oni</strong></span> <span class='ocrx_word' id='word_1_130' title='bbox 463 2225 643 2310; x_wconf 84' lang='lat' dir='ltr'><strong>proximum</strong></span> <span class='ocrx_word' id='word_1_131' title='bbox 673 2233 722 2292; x_wconf 89' lang='lat' dir='ltr'><strong>est</strong></span> <span class='ocrx_word' id='word_1_132' title='bbox 753 2227 954 2293; x_wconf 87' lang='lat' dir='ltr'><strong>amatorium.</strong></span> <span class='ocrx_word' id='word_1_133' title='bbox 1000 2233 1098 2310; x_wconf 87' lang='lat' dir='ltr'><strong>atque</strong></span> <span class='ocrx_word' id='word_1_134' title='bbox 1128 2227 1224 2312; x_wconf 87' lang='lat' dir='ltr'><strong>plane</strong></span> <span class='ocrx_word' id='word_1_135' title='bbox 1254 2228 1309 2292; x_wconf 89' lang='lat' dir='ltr'><strong>ab·</strong></span> 
     </span>
     <span class='ocr_line' id='line_1_17' title="bbox 139 2332 1308 2417; baseline 0.001 -21"><span class='ocrx_word' id='word_1_136' title='bbox 139 2333 248 2398; x_wconf 89' lang='lat' dir='ltr'><strong>horret</strong></span> <span class='ocrx_word' id='word_1_137' title='bbox 271 2332 503 2416; x_wconf 83' lang='lat' dir='ltr'><strong>Aristophanes</strong></span> <span class='ocrx_word' id='word_1_138' title='bbox 527 2354 548 2396; x_wconf 90' lang='lat' dir='ltr'><strong>a</strong></span> <span class='ocrx_word' id='word_1_139' title='bbox 571 2332 863 2416; x_wconf 90' lang='lat' dir='ltr'><strong>dithyambioorum</strong></span> <span class='ocrx_word' id='word_1_140' title='bbox 887 2333 1058 2417; x_wconf 87' lang='lat' dir='ltr'><strong>varietate,</strong></span> <span class='ocrx_word' id='word_1_141' title='bbox 1088 2335 1179 2399; x_wconf 88' lang='lat' dir='ltr'><strong>cuius</strong></span> <span class='ocrx_word' id='word_1_142' title='bbox 1203 2353 1308 2398; x_wconf 85' lang='lat' dir='ltr'><strong>exem-</strong></span> 
     </span>
     <span class='ocr_line' id='line_1_18' title="bbox 137 2439 876 2525; baseline 0.004 -22"><span class='ocrx_word' id='word_1_143' title='bbox 137 2440 227 2525; x_wconf 89' lang='lat' dir='ltr'><strong>plum</strong></span> <span class='ocrx_word' id='word_1_144' title='bbox 251 2439 382 2506; x_wconf 85' lang='lat' dir='ltr'><strong>exhibet</strong></span> <span class='ocrx_word' id='word_1_145' title='bbox 405 2439 584 2522; x_wconf 84' lang='lat' dir='ltr'><strong>Agathonis</strong></span> <span class='ocrx_word' id='word_1_146' title='bbox 609 2439 725 2505; x_wconf 89' lang='lat' dir='ltr'><strong>chorus</strong></span> <span class='ocrx_word' id='word_1_147' title='bbox 749 2440 777 2503; x_wconf 84' lang='lat' dir='ltr'>T</span> <span class='ocrx_word' id='word_1_148' title='bbox 803 2441 876 2506; x_wconf 87' lang='grc'><strong>100.</strong></span> 
     </span>
    </p>
   </div>
   <div class='ocr_carea' id='block_1_3' title="bbox 136 2607 1306 2802">
    <p class='ocr_par' dir='ltr' id='par_1_3' title="bbox 136 2607 1306 2802">
     <span class='ocr_line' id='line_1_19' title="bbox 246 2607 1306 2695; baseline 0.006 -24"><span class='ocrx_word' id='word_1_149' title='bbox 246 2607 367 2692; x_wconf 89' lang='lat' dir='ltr'><strong>lntegri</strong></span> <span class='ocrx_word' id='word_1_150' title='bbox 392 2607 488 2672; x_wconf 89' lang='lat' dir='ltr'><strong>ionici</strong></span> <span class='ocrx_word' id='word_1_151' title='bbox 512 2629 532 2672; x_wconf 89' lang='lat' dir='ltr'><strong>a</strong></span> <span class='ocrx_word' id='word_1_152' title='bbox 555 2607 677 2673; x_wconf 86' lang='lat' dir='ltr'><strong>minore</strong></span> <span class='ocrx_word' id='word_1_153' title='bbox 708 2610 827 2675; x_wconf 89' lang='lat' dir='ltr'><strong>servati</strong></span> <span class='ocrx_word' id='word_1_154' title='bbox 859 2617 931 2674; x_wconf 90' lang='lat' dir='ltr'><strong>sunt</strong></span> <span class='ocrx_word' id='word_1_155' title='bbox 955 2611 983 2673; x_wconf 89' lang='lat' dir='ltr'>V</span> <span class='ocrx_word' id='word_1_156' title='bbox 1008 2612 1069 2674; x_wconf 77' lang='lat'><strong>291</strong></span> <span class='ocrx_word' id='word_1_157' title='bbox 1103 2609 1135 2674; x_wconf 94' lang='lat' dir='ltr'><strong>in</strong></span> <span class='ocrx_word' id='word_1_158' title='bbox 1159 2610 1306 2695; x_wconf 84' lang='lat' dir='ltr'><strong>parodia.</strong></span> 
     </span>
     <span class='ocr_line' id='line_1_20' title="bbox 136 2715 1306 2802; baseline 0.003 -21"><span class='ocrx_word' id='word_1_159' title='bbox 136 2716 262 2781; x_wconf 85' lang='lat' dir='ltr'><strong>ionicus</strong></span> <span class='ocrx_word' id='word_1_160' title='bbox 286 2724 317 2781; x_wconf 87' lang='lat' dir='ltr'><strong>et</strong></span> <span class='ocrx_word' id='word_1_161' title='bbox 342 2715 513 2780; x_wconf 88' lang='lat' dir='ltr'><strong>trochaeus</strong></span> <span class='ocrx_word' id='word_1_162' title='bbox 536 2715 732 2800; x_wconf 87' lang='lat' dir='ltr'><strong>respondent</strong></span> <span class='ocrx_word' id='word_1_163' title='bbox 755 2718 837 2782; x_wconf 91' lang='lat' dir='ltr'><strong>inter</strong></span> <span class='ocrx_word' id='word_1_164' title='bbox 860 2737 895 2782; x_wconf 91' lang='lat' dir='ltr'><strong>se</strong></span> <span class='ocrx_word' id='word_1_165' title='bbox 919 2717 951 2781; x_wconf 94' lang='lat' dir='ltr'><strong>in</strong></span> <span class='ocrx_word' id='word_1_166' title='bbox 976 2716 1116 2782; x_wconf 81' lang='lat' dir='ltr'><strong>carmine</strong></span> <span class='ocrx_word' id='word_1_167' title='bbox 1139 2719 1169 2782; x_wconf 86' lang='lat' dir='ltr'>R</span> <span class='ocrx_word' id='word_1_168' title='bbox 1192 2718 1306 2802; x_wconf 76' lang='lat'>323²):</span> 
     </span>
    </p>
   </div>
   <div class='ocr_carea' id='block_1_4' title="bbox 136 2867 1305 3165">
    <p class='ocr_par' dir='ltr' id='par_1_4' title="bbox 136 2867 1305 3165">
     <span class='ocr_line' id='line_1_21' title="bbox 136 2867 1305 2948; baseline 0.004 -18"><span class='ocrx_word' id='word_1_169' title='bbox 136 2887 168 2932; x_wconf 91' lang='lat' dir='ltr'><strong>v.</strong></span> <span class='ocrx_word' id='word_1_170' title='bbox 183 2868 246 2931; x_wconf 75' lang='lat'><strong>327</strong></span> <span class='ocrx_word' id='word_1_171' title='bbox 263 2867 376 2944; x_wconf 87' lang='grc' dir='ltr'>ὁσίους</span> <span class='ocrx_word' id='word_1_172' title='bbox 392 2868 425 2943; x_wconf 92' lang='grc' dir='ltr'><strong>ές</strong></span> <span class='ocrx_word' id='word_1_173' title='bbox 442 2868 605 2943; x_wconf 87' lang='grc' dir='ltr'>θιασώτας</span> <span class='ocrx_word' id='word_1_174' title='bbox 724 2890 753 2933; x_wconf 88' lang='grc' dir='ltr'><strong>ν.</strong></span> <span class='ocrx_word' id='word_1_175' title='bbox 770 2869 835 2932; x_wconf 86' lang='grc'><strong>344</strong></span> <span class='ocrx_word' id='word_1_176' title='bbox 851 2870 946 2948; x_wconf 87' lang='grc' dir='ltr'>φλογὶ</span> <span class='ocrx_word' id='word_1_177' title='bbox 963 2869 1112 2947; x_wconf 80' lang='grc' dir='ltr'>φέγγεται</span> <span class='ocrx_word' id='word_1_178' title='bbox 1130 2872 1165 2933; x_wconf 81' lang='grc' dir='ltr'><strong>δέ</strong></span> <span class='ocrx_word' id='word_1_179' title='bbox 1181 2872 1305 2948; x_wconf 86' lang='grc' dir='ltr'>λειμών·</span> 
     </span>
     <span class='ocr_line' id='line_1_22' title="bbox 266 2973 1285 3056; baseline 0.007 -20"><span class='ocrx_word' id='word_1_180' title='bbox 266 2973 470 3052; x_wconf 83' lang='grc' dir='ltr'>πολύκαρπον</span> <span class='ocrx_word' id='word_1_181' title='bbox 487 2977 543 3052; x_wconf 87' lang='grc' dir='ltr'><strong>μέν</strong></span> <span class='ocrx_word' id='word_1_182' title='bbox 557 2975 722 3039; x_wconf 86' lang='grc' dir='ltr'>τινάσσων</span> <span class='ocrx_word' id='word_1_183' title='bbox 850 2975 928 3051; x_wconf 87' lang='grc' dir='ltr'>γόνυ</span> <span class='ocrx_word' id='word_1_184' title='bbox 951 2976 1100 3040; x_wconf 90' lang='grc' dir='ltr'>πάλλεται</span> <span class='ocrx_word' id='word_1_185' title='bbox 1124 2977 1285 3056; x_wconf 85' lang='grc' dir='ltr'>γερόντων</span> 
     </span>
     <span class='ocr_line' id='line_1_23' title="bbox 267 3081 1240 3165; baseline 0.005 -22"><span class='ocrx_word' id='word_1_186' title='bbox 267 3081 348 3160; x_wconf 87' lang='grc' dir='ltr'>ἀμφὶ</span> <span class='ocrx_word' id='word_1_187' title='bbox 365 3083 453 3159; x_wconf 90' lang='grc' dir='ltr'>κρατὶ</span> <span class='ocrx_word' id='word_1_188' title='bbox 470 3087 520 3165; x_wconf 81' lang='grc' dir='ltr'><strong>σῷ</strong></span> <span class='ocrx_word' id='word_1_189' title='bbox 538 3081 705 3165; x_wconf 54' lang='grc' dir='ltr'>βρύονταθ)</span> <span class='ocrx_word' id='word_1_190' title='bbox 850 3083 1055 3147; x_wconf 80' lang='grc' dir='ltr'>ἀποσείονται</span> <span class='ocrx_word' id='word_1_191' title='bbox 1080 3087 1116 3147; x_wconf 83' lang='grc' dir='ltr'><strong>δὲ</strong></span> <span class='ocrx_word' id='word_1_192' title='bbox 1140 3085 1240 3162; x_wconf 82' lang='grc' dir='ltr'>λύπας</span> 
     </span>
    </p>
   </div>
   <div class='ocr_carea' id='block_1_5' title="bbox 135 3230 1305 3534">
    <p class='ocr_par' dir='ltr' id='par_1_5' title="bbox 135 3230 1305 3534">
     <span class='ocr_line' id='line_1_24' title="bbox 135 3230 1305 3315; baseline 0.004 -19"><span class='ocrx_word' id='word_1_193' title='bbox 135 3230 233 3296; x_wconf 85' lang='lat' dir='ltr'><strong>ionici</strong></span> <span class='ocrx_word' id='word_1_194' title='bbox 258 3240 289 3296; x_wconf 93' lang='lat' dir='ltr'><strong>et</strong></span> <span class='ocrx_word' id='word_1_195' title='bbox 313 3231 410 3296; x_wconf 88' lang='lat' dir='ltr'><strong>iambi</strong></span> <span class='ocrx_word' id='word_1_196' title='bbox 436 3232 673 3298; x_wconf 81' lang='lat' dir='ltr'><strong>confunduntur</strong></span> <span class='ocrx_word' id='word_1_197' title='bbox 694 3235 735 3300; x_wconf 83' lang='lat' dir='ltr'><strong>T.</strong></span> <span class='ocrx_word' id='word_1_198' title='bbox 761 3256 789 3299; x_wconf 90' lang='lat' dir='ltr'><strong>v.</strong></span> <span class='ocrx_word' id='word_1_199' title='bbox 806 3235 959 3300; x_wconf 71' lang='lat' dir='ltr'><strong>aot-ta</strong></span> <span class='ocrx_word' id='word_1_200' title='bbox 983 3236 1022 3298; x_wconf 89' lang='grc' dir='ltr'><strong>τὰ</strong></span> <span class='ocrx_word' id='word_1_201' title='bbox 1045 3234 1073 3298; x_wconf 81' lang='grc' dir='ltr'><strong>δ’</strong></span> <span class='ocrx_word' id='word_1_202' title='bbox 1090 3235 1194 3315; x_wconf 79' lang='grc' dir='ltr'>ἄρισθ’</span> <span class='ocrx_word' id='word_1_203' title='bbox 1212 3237 1305 3315; x_wconf 88' lang='grc' dir='ltr'>ὅσαις</span> 
     </span>
     <span class='ocr_line' id='line_1_25' title="bbox 135 3339 1305 3422; baseline 0.006 -21"><span class='ocrx_word' id='word_1_204' title='bbox 135 3341 290 3416; x_wconf 91' lang='grc' dir='ltr'>προσήκει</span> <span class='ocrx_word' id='word_1_205' title='bbox 316 3343 321 3401; x_wconf 93' lang='grc' dir='ltr'>Ι</span> <span class='ocrx_word' id='word_1_206' title='bbox 336 3343 426 3402; x_wconf 82' lang='grc' dir='ltr'>νικᾶν</span> <span class='ocrx_word' id='word_1_207' title='bbox 442 3341 608 3416; x_wconf 85' lang='grc' dir='ltr'>λεγούσας,</span> <span class='ocrx_word' id='word_1_208' title='bbox 626 3339 744 3403; x_wconf 90' lang='grc' dir='ltr'>ὁπόσαι</span> <span class='ocrx_word' id='word_1_209' title='bbox 762 3339 789 3403; x_wconf 83' lang='grc' dir='ltr'><strong>δ’</strong></span> <span class='ocrx_word' id='word_1_210' title='bbox 806 3342 1006 3406; x_wconf 80' lang='grc' dir='ltr'>ἐξαπατῶσιν</span> <span class='ocrx_word' id='word_1_211' title='bbox 1022 3345 1255 3422; x_wconf 79' lang='grc' dir='ltr'>παραβαίνουσι</span> <span class='ocrx_word' id='word_1_212' title='bbox 1272 3365 1305 3410; x_wconf 93' lang='grc' dir='ltr'><strong>τε</strong></span> 
     </span>
     <span class='ocr_line' id='line_1_26' title="bbox 135 3447 1305 3534; baseline 0.006 -24"><span class='ocrx_word' id='word_1_213' title='bbox 135 3448 222 3528; x_wconf 86' lang='grc' dir='ltr'>τοὺς,</span> <span class='ocrx_word' id='word_1_214' title='bbox 248 3452 423 3528; x_wconf 88' lang='lat' dir='ltr'><strong>sequuntur</strong></span> <span class='ocrx_word' id='word_1_215' title='bbox 457 3447 617 3531; x_wconf 88' lang='lat' dir='ltr'><strong>glyconei.</strong></span> <span class='ocrx_word' id='word_1_216' title='bbox 653 3491 694 3500; x_wconf 92' lang='lat'><em>-</em></span> <span class='ocrx_word' id='word_1_217' title='bbox 720 3468 838 3531; x_wconf 85' lang='lat' dir='ltr'><strong>magna</strong></span> <span class='ocrx_word' id='word_1_218' title='bbox 862 3448 1039 3514; x_wconf 89' lang='lat' dir='ltr'><strong>variatione</strong></span> <span class='ocrx_word' id='word_1_219' title='bbox 1074 3457 1171 3534; x_wconf 88' lang='lat' dir='ltr'><strong>poeta</strong></span> <span class='ocrx_word' id='word_1_220' title='bbox 1206 3452 1305 3517; x_wconf 93' lang='lat' dir='ltr'><strong>utitur</strong></span> 
     </span>
    </p>
   </div>
   <div class='ocr_carea' id='block_1_6' title="bbox 134 3656 348 3664">
    <p class='ocr_par' dir='ltr' id='par_1_6' title="bbox 134 3656 348 3664">
     <span class='ocr_line' id='line_1_27' title="bbox 134 3656 348 3664; baseline -0.005 -1"><span class='ocrx_word' id='word_1_221' title='bbox 134 3656 348 3664; x_wconf 74' lang='lat'><em>...—</em></span> 
     </span>
    </p>
   </div>
   <div class='ocr_carea' id='block_1_7' title="bbox 131 3797 1304 4670">
    <p class='ocr_par' dir='ltr' id='par_1_7' title="bbox 132 3797 1304 4048">
     <span class='ocr_line' id='line_1_28' title="bbox 132 3797 1304 3867; baseline 0.004 -15"><span class='ocrx_word' id='word_1_222' title='bbox 132 3797 289 3866; x_wconf 87' lang='lat' dir='ltr'><strong>responsio</strong></span> <span class='ocrx_word' id='word_1_223' title='bbox 303 3797 530 3850; x_wconf 78' lang='lat' dir='ltr'><strong>accuratissime</strong></span> <span class='ocrx_word' id='word_1_224' title='bbox 544 3801 675 3865; x_wconf 65' lang='lat' dir='ltr'><strong>servata</strong></span> <span class='ocrx_word' id='word_1_225' title='bbox 689 3801 753 3850; x_wconf 87' lang='lat' dir='ltr'><strong>turn</strong></span> <span class='ocrx_word' id='word_1_226' title='bbox 772 3799 835 3867; x_wconf 87' lang='lat' dir='ltr'><strong>ipse</strong></span> <span class='ocrx_word' id='word_1_227' title='bbox 850 3797 972 3852; x_wconf 88' lang='lat' dir='ltr'><strong>Pindari</strong></span> <span class='ocrx_word' id='word_1_228' title='bbox 991 3815 1096 3854; x_wconf 86' lang='lat' dir='ltr'><strong>versus</strong></span> <span class='ocrx_word' id='word_1_229' title='bbox 1110 3817 1128 3854; x_wconf 86' lang='lat' dir='ltr'><strong>a</strong></span> <span class='ocrx_word' id='word_1_230' title='bbox 1142 3803 1304 3857; x_wconf 87' lang='lat' dir='ltr'><strong>scholiasta</strong></span> 
     </span>
     <span class='ocr_line' id='line_1_29' title="bbox 133 3883 1304 3956; baseline 0.002 -15"><span class='ocrx_word' id='word_1_231' title='bbox 133 3890 274 3941; x_wconf 86' lang='lat' dir='ltr'><strong>servatus</strong></span> <span class='ocrx_word' id='word_1_232' title='bbox 306 3886 409 3939; x_wconf 86' lang='lat' dir='ltr'><strong>docet:</strong></span> <span class='ocrx_word' id='word_1_233' title='bbox 439 3883 578 3950; x_wconf 83' lang='grc' dir='ltr'>πανδαμεὶ</span> <span class='ocrx_word' id='word_1_234' title='bbox 608 3885 653 3938; x_wconf 78' lang='grc' dir='ltr'><strong>τοὶ</strong></span> <span class='ocrx_word' id='word_1_235' title='bbox 685 3887 734 3949; x_wconf 88' lang='grc' dir='ltr'><strong>μὲν</strong></span> <span class='ocrx_word' id='word_1_236' title='bbox 766 3888 836 3953; x_wconf 87' lang='grc' dir='ltr'>ὑπέρ</span> <span class='ocrx_word' id='word_1_237' title='bbox 864 3887 982 3940; x_wconf 91' lang='grc' dir='ltr'>πόντιον</span> <span class='ocrx_word' id='word_1_238' title='bbox 1005 3888 1102 3953; x_wconf 85' lang='grc' dir='ltr'>Ἕλλας</span> <span class='ocrx_word' id='word_1_239' title='bbox 1123 3891 1219 3955; x_wconf 90' lang='grc' dir='ltr'>πόρον</span> <span class='ocrx_word' id='word_1_240' title='bbox 1242 3891 1304 3956; x_wconf 86' lang='grc' dir='ltr'>ἱρόν</span> 
     </span>
     <span class='ocr_line' id='line_1_30' title="bbox 134 3973 1219 4048; baseline 0.006 -21"><span class='ocrx_word' id='word_1_241' title='bbox 134 3975 223 4044; x_wconf 81' lang='lat' dir='ltr'><strong>(ng.</strong></span> <span class='ocrx_word' id='word_1_242' title='bbox 245 3977 280 4026; x_wconf 81' lang='lat' dir='ltr'><strong>fr.</strong></span> <span class='ocrx_word' id='word_1_243' title='bbox 301 3973 373 4040; x_wconf 87' lang='grc'>189),</span> <span class='ocrx_word' id='word_1_244' title='bbox 393 3975 479 4028; x_wconf 90' lang='lat' dir='ltr'><strong>cuius</strong></span> <span class='ocrx_word' id='word_1_245' title='bbox 499 3975 589 4028; x_wconf 89' lang='lat' dir='ltr'><strong>linem</strong></span> <span class='ocrx_word' id='word_1_246' title='bbox 610 3977 726 4030; x_wconf 81' lang='lat' dir='ltr'><strong>faciunt</strong></span> <span class='ocrx_word' id='word_1_247' title='bbox 744 3977 834 4030; x_wconf 88' lang='lat' dir='ltr'><strong>ionici</strong></span> <span class='ocrx_word' id='word_1_248' title='bbox 854 3992 871 4030; x_wconf 90' lang='lat' dir='ltr'><strong>a</strong></span> <span class='ocrx_word' id='word_1_249' title='bbox 891 3978 1005 4032; x_wconf 87' lang='lat' dir='ltr'><strong>minore</strong></span> <span class='ocrx_word' id='word_1_250' title='bbox 1024 3980 1219 4048; x_wconf 85' lang='lat' dir='ltr'><strong>integerrimi.</strong></span> 
     </span>
    </p>

    <p class='ocr_par' dir='ltr' id='par_1_8' title="bbox 242 4063 912 4135">
     <span class='ocr_line' id='line_1_31' title="bbox 242 4063 912 4135; baseline 0.006 -20"><span class='ocrx_word' id='word_1_251' title='bbox 242 4063 264 4129; x_wconf 83' lang='lat'><strong>¹)</strong></span> <span class='ocrx_word' id='word_1_252' title='bbox 285 4063 331 4116; x_wconf 92' lang='lat' dir='ltr'><strong>De</strong></span> <span class='ocrx_word' id='word_1_253' title='bbox 350 4080 383 4117; x_wconf 89' lang='lat' dir='ltr'><strong>re</strong></span> <span class='ocrx_word' id='word_1_254' title='bbox 402 4065 507 4117; x_wconf 86' lang='lat' dir='ltr'><strong>critica</strong></span> <span class='ocrx_word' id='word_1_255' title='bbox 527 4081 554 4118; x_wconf 89' lang='lat' dir='ltr'><strong>v.</strong></span> <span class='ocrx_word' id='word_1_256' title='bbox 574 4066 740 4135; x_wconf 83' lang='lat' dir='ltr'><strong>proximam</strong></span> <span class='ocrx_word' id='word_1_257' title='bbox 759 4066 912 4135; x_wconf 85' lang='lat' dir='ltr'><strong>peginam.</strong></span> 
     </span>
    </p>

    <p class='ocr_par' dir='ltr' id='par_1_9' title="bbox 241 4152 1224 4218">
     <span class='ocr_line' id='line_1_32' title="bbox 241 4152 1224 4218; baseline 0.003 -13"><span class='ocrx_word' id='word_1_258' title='bbox 241 4152 263 4218; x_wconf 75' lang='lat'><strong>²)</strong></span> <span class='ocrx_word' id='word_1_259' title='bbox 283 4153 463 4208; x_wconf 85' lang='lat' dir='ltr'><strong>Emendavit</strong></span> <span class='ocrx_word' id='word_1_260' title='bbox 482 4154 538 4208; x_wconf 90' lang='lat' dir='ltr'><strong>hoc</strong></span> <span class='ocrx_word' id='word_1_261' title='bbox 557 4169 678 4208; x_wconf 87' lang='lat' dir='ltr'><strong>carmen</strong></span> <span class='ocrx_word' id='word_1_262' title='bbox 697 4153 954 4217; x_wconf 84' lang='lat' dir='ltr'><strong>Wilamowitzius,</strong></span> <span class='ocrx_word' id='word_1_263' title='bbox 973 4155 1026 4210; x_wconf 92' lang='lat' dir='ltr'><strong>Ph.</strong></span> <span class='ocrx_word' id='word_1_264' title='bbox 1047 4155 1082 4210; x_wconf 94' lang='lat' dir='ltr'><strong>U.</strong></span> <span class='ocrx_word' id='word_1_265' title='bbox 1101 4155 1143 4210; x_wconf 90' lang='lat' dir='ltr'><strong>IX</strong></span> <span class='ocrx_word' id='word_1_266' title='bbox 1164 4156 1224 4209; x_wconf 77' lang='lat'><strong>137.</strong></span> 
     </span>
    </p>

    <p class='ocr_par' dir='ltr' id='par_1_10' title="bbox 131 4240 1302 4670">
     <span class='ocr_line' id='line_1_33' title="bbox 240 4240 1301 4314; baseline 0.007 -20"><span class='ocrx_word' id='word_1_267' title='bbox 240 4242 261 4308; x_wconf 81' lang='lat'><strong>³)</strong></span> <span class='ocrx_word' id='word_1_268' title='bbox 279 4240 363 4308; x_wconf 83' lang='grc' dir='ltr'>Ἀμφὶ</span> <span class='ocrx_word' id='word_1_269' title='bbox 382 4258 435 4312; x_wconf 83' lang='grc' dir='ltr'><strong>ριο</strong></span> <span class='ocrx_word' id='word_1_270' title='bbox 454 4241 518 4309; x_wconf 82' lang='grc' dir='ltr'>περὶ</span> <span class='ocrx_word' id='word_1_271' title='bbox 542 4258 582 4297; x_wconf 85' lang='lat' dir='ltr'><strong>ex</strong></span> <span class='ocrx_word' id='word_1_272' title='bbox 601 4242 628 4298; x_wconf 92' lang='lat' dir='ltr'>U</span> <span class='ocrx_word' id='word_1_273' title='bbox 647 4241 674 4296; x_wconf 81' lang='lat' dir='ltr'>A</span> <span class='ocrx_word' id='word_1_274' title='bbox 693 4242 722 4296; x_wconf 93' lang='lat' dir='ltr'>M</span> <span class='ocrx_word' id='word_1_275' title='bbox 742 4242 880 4310; x_wconf 86' lang='lat' dir='ltr'><strong>(Velseno</strong></span> <span class='ocrx_word' id='word_1_276' title='bbox 901 4243 989 4311; x_wconf 87' lang='lat' dir='ltr'><strong>teste)</strong></span> <span class='ocrx_word' id='word_1_277' title='bbox 1013 4243 1222 4314; x_wconf 82' lang='lat' dir='ltr'><strong>accipiendum</strong></span> <span class='ocrx_word' id='word_1_278' title='bbox 1248 4252 1301 4301; x_wconf 85' lang='lat' dir='ltr'><strong>cst.</strong></span> 
     </span>
     <span class='ocr_line' id='line_1_34' title="bbox 131 4330 1302 4400; baseline 0.003 -15"><span class='ocrx_word' id='word_1_279' title='bbox 131 4347 232 4400; x_wconf 90' lang='lat' dir='ltr'><strong>neque</strong></span> <span class='ocrx_word' id='word_1_280' title='bbox 257 4332 336 4385; x_wconf 89' lang='lat' dir='ltr'><strong>enim</strong></span> <span class='ocrx_word' id='word_1_281' title='bbox 363 4332 453 4386; x_wconf 87' lang='lat' dir='ltr'><strong>facile</strong></span> <span class='ocrx_word' id='word_1_282' title='bbox 476 4330 548 4398; x_wconf 77' lang='grc' dir='ltr'>ἀμφὶ</span> <span class='ocrx_word' id='word_1_283' title='bbox 576 4331 659 4400; x_wconf 92' lang='lat' dir='ltr'><strong>quod</strong></span> <span class='ocrx_word' id='word_1_284' title='bbox 686 4347 754 4386; x_wconf 90' lang='lat' dir='ltr'><strong>cum</strong></span> <span class='ocrx_word' id='word_1_285' title='bbox 782 4332 884 4386; x_wconf 90' lang='lat' dir='ltr'><strong>dativo</strong></span> <span class='ocrx_word' id='word_1_286' title='bbox 914 4333 1111 4389; x_wconf 88' lang='lat' dir='ltr'><strong>euniunctum</strong></span> <span class='ocrx_word' id='word_1_287' title='bbox 1140 4333 1302 4389; x_wconf 84' lang='lat' dir='ltr'><strong>admodum</strong></span> 
     </span>
     <span class='ocr_line' id='line_1_35' title="bbox 131 4421 1301 4492; baseline 0.002 -18"><span class='ocrx_word' id='word_1_288' title='bbox 131 4436 235 4474; x_wconf 89' lang='lat' dir='ltr'><strong>rarum</strong></span> <span class='ocrx_word' id='word_1_289' title='bbox 255 4424 301 4474; x_wconf 86' lang='lat' dir='ltr'><strong>cst</strong></span> <span class='ocrx_word' id='word_1_290' title='bbox 320 4421 351 4474; x_wconf 90' lang='lat' dir='ltr'><strong>in</strong></span> <span class='ocrx_word' id='word_1_291' title='bbox 371 4421 504 4474; x_wconf 86' lang='lat' dir='ltr'><strong>dialectu</strong></span> <span class='ocrx_word' id='word_1_292' title='bbox 523 4422 615 4474; x_wconf 89' lang='lat' dir='ltr'><strong>attica</strong></span> <span class='ocrx_word' id='word_1_293' title='bbox 635 4421 674 4474; x_wconf 87' lang='lat' dir='ltr'><strong>ab</strong></span> <span class='ocrx_word' id='word_1_294' title='bbox 697 4421 861 4491; x_wconf 86' lang='lat' dir='ltr'><strong>interprete</strong></span> <span class='ocrx_word' id='word_1_295' title='bbox 880 4423 1024 4492; x_wconf 88' lang='lat' dir='ltr'><strong>seriptum</strong></span> <span class='ocrx_word' id='word_1_296' title='bbox 1048 4437 1114 4476; x_wconf 87' lang='lat' dir='ltr'><strong>osse</strong></span> <span class='ocrx_word' id='word_1_297' title='bbox 1137 4437 1247 4478; x_wconf 87' lang='lat' dir='ltr'><strong>sumas.</strong></span> <span class='ocrx_word' id='word_1_298' title='bbox 1268 4454 1301 4462; x_wconf 94' lang='lat'><strong>—-</strong></span> 
     </span>
     <span class='ocr_line' id='line_1_36' title="bbox 132 4507 1300 4578; baseline 0.005 -16"><span class='ocrx_word' id='word_1_299' title='bbox 132 4525 159 4562; x_wconf 88' lang='lat' dir='ltr'><strong>v.</strong></span> <span class='ocrx_word' id='word_1_300' title='bbox 180 4507 233 4563; x_wconf 81' lang='lat'><strong>350</strong></span> <span class='ocrx_word' id='word_1_301' title='bbox 253 4509 370 4575; x_wconf 88' lang='grc' dir='ltr'>φέγγων</span> <span class='ocrx_word' id='word_1_302' title='bbox 389 4513 494 4564; x_wconf 87' lang='lat' dir='ltr'><strong>contra</strong></span> <span class='ocrx_word' id='word_1_303' title='bbox 514 4509 581 4562; x_wconf 92' lang='lat' dir='ltr'><strong>Wil.</strong></span> <span class='ocrx_word' id='word_1_304' title='bbox 601 4525 669 4563; x_wconf 86' lang='lat' dir='ltr'><strong>cum</strong></span> <span class='ocrx_word' id='word_1_305' title='bbox 688 4509 826 4564; x_wconf 83' lang='lat' dir='ltr'><strong>Keibelio</strong></span> <span class='ocrx_word' id='word_1_306' title='bbox 846 4511 1028 4566; x_wconf 85' lang='lat' dir='ltr'><strong>servandum</strong></span> <span class='ocrx_word' id='word_1_307' title='bbox 1048 4516 1107 4578; x_wconf 73' lang='grc' dir='ltr'><strong>σούς</strong></span> <span class='ocrx_word' id='word_1_308' title='bbox 1133 4527 1203 4566; x_wconf 87' lang='lat' dir='ltr'><strong>narn</strong></span> <span class='ocrx_word' id='word_1_309' title='bbox 1223 4517 1300 4568; x_wconf 88' lang='lat' dir='ltr'><strong>tran-</strong></span> 
     </span>
     <span class='ocr_line' id='line_1_37' title="bbox 133 4597 1238 4670; baseline 0.005 -17"><span class='ocrx_word' id='word_1_310' title='bbox 133 4597 257 4653; x_wconf 88' lang='lat' dir='ltr'><strong>sitivum</strong></span> <span class='ocrx_word' id='word_1_311' title='bbox 275 4613 365 4653; x_wconf 88' lang='lat' dir='ltr'><strong>usum</strong></span> <span class='ocrx_word' id='word_1_312' title='bbox 383 4598 527 4668; x_wconf 87' lang='lat' dir='ltr'><strong>Hesychii</strong></span> <span class='ocrx_word' id='word_1_313' title='bbox 546 4599 649 4670; x_wconf 84' lang='lat' dir='ltr'><strong>glossa</strong></span> <span class='ocrx_word' id='word_1_314' title='bbox 669 4602 799 4654; x_wconf 90' lang='lat' dir='ltr'><strong>testatur</strong></span> <span class='ocrx_word' id='word_1_315' title='bbox 818 4599 990 4667; x_wconf 85' lang='grc' dir='ltr'>φέγγουσαν·</span> <span class='ocrx_word' id='word_1_316' title='bbox 1010 4602 1238 4669; x_wconf 88' lang='grc' dir='ltr'>λαμπρύνουσαν.</span> 
     </span>
    </p>
   </div>
   <div class='ocr_carea' id='block_1_8' title="bbox 0 0 1662 5406">
    <p class='ocr_par' dir='ltr' id='par_1_11' title="bbox 0 0 1662 5406">
     <span class='ocr_line' id='line_1_38' title="bbox 0 0 1662 5406; baseline 0 3"><span class='ocrx_word' id='word_1_317' title='bbox 0 0 1662 5406; x_wconf 95' lang='lat' dir='ltr'><strong> </strong></span> 
     </span>
    </p>
   </div>
  </div>
 </body>
</html>
