3316 5406
852 579 895 589 -
941 533 1070 620 ρης..

483 734 627 800 Ionieum
651 733 790 818 denique
813 736 994 821 putaverim
1018 755 1147 801 carmen
1172 737 1201 800 V
1224 737 1290 801 273
1307 769 1348 794 =
1366 737 1427 802 82:

527 843 556 906 τί
579 840 648 906 ποτ’
671 848 710 906 οὺ
733 844 795 922 πρὸ
820 847 928 922 θυρῶν
951 842 1073 924 φαίνετ’
1097 841 1146 923 ἄρ’
1170 845 1243 922 ἡμῖν
1267 844 1286 906 ὁ
1309 845 1413 923 γέρων

635 947 703 1014 οὐδ’
727 950 891 1026 {annuntiem

528 1059 597 1134 μῶν
621 1055 802 1120 ἀπολώλεκε
824 1053 912 1138 τὰς’)
936 1057 1078 1135 ἔμβαδας
1101 1058 1120 1134 ἢ
1143 1055 1321 1136 προσέκοψ’
1345 1059 1380 1122 ἐν

634 1169 678 1248 τῷ
702 1162 809 1246 σκότῳ
832 1165 889 1228 τὸν
913 1164 1068 1228 δάκτυλόν
1091 1185 1169 1238 που;

528 1265 580 1335 εἶτ’
605 1270 801 1349 ἐφλέγμηνεν
825 1269 956 1354 αὐτοῦ’)
980 1271 1016 1334 τό
1040 1270 1169 1350 σφυρὸν
1192 1272 1344 1350 γέροντος

634 1375 743 1453 ὄντος;
768 1377 818 1440 καὶ
841 1375 906 1456 τάχ’
931 1377 970 1442 ἂν
995 1380 1189 1460 βουβωνιῴη.

507 1471 546 1562 ’ἠ
572 1487 632 1562 μὴν
656 1484 737 1548 πολὺ
761 1483 950 1562 δριμύτατός
974 1481 1002 1559 γ’
1024 1483 1063 1562 ἧν
1086 1487 1151 1548 τῶν
1174 1483 1248 1564 παρ’
1271 1487 1345 1565 ἡμῖν

634 1591 684 1654 καὶ
709 1589 815 1667 μόνος·
831 1596 888 1654 οὐκ
912 1590 951 1654 ἂν
975 1588 1114 1664 ἐπείθετ’,
1139 1589 1204 1654 ἀλλ’
1229 1591 1318 1655 ὁπότ’

550 1750 552 1756 .
634 1697 811 1777 ἀντιβολοίη
836 1718 892 1776 τις,
916 1698 1001 1762 κάτω
1025 1699 1150 1763 κύπτων
1175 1699 1214 1763 ἂν
1238 1697 1322 1763 οὕτω

620 1807 731 1870 ·’λίθον
755 1802 851 1885 ἔφυς’
875 1807 990 1882 ἔλεγεν·
1013 1804 1106 1882 ὕπαγ’
1129 1807 1156 1870 ὠ
1179 1809 1236 1869 παῖ
1259 1803 1369 1881 ὖπαγε.

373 2632 423 2692 ter
445 2628 542 2712 igitur
565 2629 688 2696 ionicus
713 2637 744 2696 el
767 2631 949 2715 trochaeus,
974 2631 1023 2697 bis
1046 2651 1221 2716 suppressa
1244 2630 1398 2711 cuiusque
1422 2628 1556 2710 ultima,

372 2734 455 2800 inter
488 2757 522 2802 se
553 2737 759 2824 respondent.
807 2738 978 2822 singularis
1011 2744 1060 2803 est
1092 2737 1259 2804 anaorusis
1290 2759 1321 2802 v.
1349 2737 1413 2802 278
1432 2768 1473 2792 =
1495 2733 1555 2800 86.

374 2842 496 2924 quodsi·
525 2843 805 2930 dactyloepitritos
837 2847 982 2931 plerique
1017 2866 1126 2911 omnes
1161 2845 1399 2928 adgnoverum,
1433 2849 1555 2908 eontra

374 2946 546 3014 dioendum
570 2958 619 3016 est
646 2951 727 3017 tales
752 2951 881 3034 quidem
905 2972 1009 3036 nugas
1037 2951 1308 3036 daotyloepitritis
1336 2949 1458 3015 includi
1483 2969 1555 3014 non

373 3044 487 3123 solone.
522 3056 711 3143 lepidissimi
727 3079 804 3125 vero
821 3067 894 3124 sunt
910 3058 1006 3124 ioniei
1023 3059 1148 3126 affatim
1167 3059 1256 3124 leves
1279 3063 1377 3140 alque
1393 3057 1551 3141 granden.

760 3277 801 3340 lle
826 3275 966 3341 versibus
990 3275 1153 3360 φίνοοποίτ.

479 3379 665 3478 versuum)
681 3396 910 3480 glyconeorum
926 3395 1014 3479 apud
1027 3393 1273 3481 Aristophanem
1292 3394 1354 3459 tria
1365 3415 1488 3479 genera
1501 3398 1548 3460 in-

373 3501 555 3585 veniuntur3
580 3502 716 3587 primum
740 3522 853 3568 vernus
876 3503 1052 3588 glyooneus
1077 3503 1131 3586 qui
1148 3501 1278 3587 proprie
1303 3500 1428 3588 dieitur,
1453 3503 1549 3568 euius

284 3654 288 3662 ·
373 3611 476 3674 forma
500 3609 691 3675 ealaleetiea
714 3616 764 3676 est
787 3609 1024 3694 phereorateus,
1050 3609 1167 3675 deinde
1186 3610 1363 3694 glyconeus
1387 3610 1442 3692 qui
1467 3609 1546 3676 dioi-

373 3724 424 3782 lur
447 3718 633 3803 acephalum
657 3717 712 3800 qui
735 3716 828 3782 basin
851 3717 944 3784 unius
968 3717 1113 3802 syllabae
1137 3716 1204 3782 sive
1221 3716 1327 3782 brevis
1344 3717 1412 3782 aive
1427 3717 1547 3802 longae

372 3823 485 3908 habet3
522 3831 684 3909 postremo
723 3824 900 3908 glyconeus
935 3821 1249 3911 polysohematistua
1285 3824 1340 3906 qui
1377 3823 1544 3909 dactylum

371 3929 474 4015 primo
497 3932 568 3997 loeo
591 3931 699 3998 habet.

380 4071 382 4080 τ
479 4038 585 4120 Atque
607 4039 640 4102 in
664 4038 847 4103 universnm
872 4035 1042 4102 dicendum
1066 4043 1115 4102 est
1139 4036 1197 4102 hos
1213 4036 1388 4121 glyeoneos
1407 4038 1544 4122 singulis

371 4142 513 4228 periodis
529 4145 648 4210 includi
664 4145 720 4230 ila,
737 4151 772 4209 ut
787 4144 929 4209 nonnulli
946 4143 1147 4210 acatalectiei
1163 4144 1255 4209 iuxta
1269 4151 1439 4230 ponantur,
1454 4147 1543 4210 nulla

478 4344 500 4408 1)
520 4343 693 4414 Respondet
712 4345 743 4397 in
761 4344 950 4413 antistropho
971 4345 1118 4398 ἐξαπατῶν
1137 4343 1182 4396 καί
1200 4344 1292 4409 λέγων
1312 4346 1351 4407 ὡς
1371 4346 1428 4410 φιλ.
1448 4348 1506 4398 κτλ.

478 4434 501 4499 ²)
521 4432 609 4503 Resp.
628 4433 659 4486 in
678 4437 740 4487 ant.
761 4433 806 4485 διὰ
824 4431 902 4486 τοῦτ’
921 4431 1072 4499 ὀδυνηθεὶς
1091 4434 1147 4485 κτλ,

478 4521 500 4588 ³]
521 4522 606 4585 Quae
641 4522 822 4591 significatio
858 4521 1077 4575 consuetudine
1113 4524 1289 4586 excusatum
1328 4537 1428 4590 neque
1463 4525 1540 4576 enim

372 4625 478 4665 versus
498 4616 544 4666 est
562 4611 739 4682 glyconeua
758 4610 811 4664 sed
830 4610 996 4664 membrum
1015 4611 1064 4665 vel
1083 4610 1183 4681 polius
1203 4625 1263 4680 pes.
