3316 5406
642 533 862 602 ...19-

231 723 233 728 ’
273 729 342 798 Nec
365 729 479 796 mirum
503 751 574 797 esse
603 737 710 816 potest
736 734 987 818 Aristophanem
1017 731 1153 820 iambos,
1185 736 1240 818 qui
1271 753 1361 802 car-·

166 837 304 902 minibus
337 836 548 922 popularibus
580 846 614 903 et
645 838 838 923 sacralibus,
872 857 953 921 quos
986 838 1116 921 quidem
1152 841 1338 908 comoediae

166 944 271 1008 fontes
296 963 366 1009 esse
390 944 608 1028 cognovimus,
640 944 761 1029 proprii
791 953 875 1029 sunt,
906 945 1029 1011 formae
1057 946 1104 1010 illi
1135 946 1283 1014 carminis
1307 949 1339 1015 ἐξ

166 1051 288 1129 ὁμοίων
311 1051 584 1136 accommodasse,
608 1071 705 1133 quam
728 1059 760 1116 et
783 1051 888 1136 ipsam
912 1058 1053 1118 veterem
1077 1059 1176 1135 atque
1200 1074 1240 1118 ex
1266 1055 1338 1139 ipsa

166 1157 257 1242 poesi
280 1157 430 1242 populari
453 1156 624 1242 repetitam
647 1177 719 1224 esse
742 1179 818 1223 mox
842 1158 1033 1226 videbimus.
1080 1160 1108 1224 A
1133 1160 1197 1226 836
1222 1167 1337 1243 quater

165 1265 303 1330 4·4·6·
328 1263 426 1329 iambi
450 1264 619 1330 subiuncta
643 1265 790 1331 clausula
813 1266 946 1351 aeolica,
972 1265 1013 1332 de
1037 1285 1102 1348 qua
1125 1266 1208 1332 infra
1231 1288 1338 1351 agam,

166 1372 195 1435 R
218 1372 284 1437 384
307 1371 357 1438 bis
381 1371 488 1454 5·5·,
511 1372 540 1435 R
564 1372 629 1436 395
652 1378 702 1437 ter
725 1372 863 1437 3·3·5·
888 1373 1056 1439 subiuncto
1080 1372 1224 1438 trimetro
1246 1374 1339 1456 quasi

166 1479 321 1564 clausula,
351 1481 381 1544 R
410 1480 476 1545 416
507 1479 607 1545 octies
637 1482 766 1566 2·2·3,
797 1482 826 1545 T
850 1481 915 1546 969
945 1480 994 1548 his
1028 1483 1067 1548 6·
1098 1503 1169 1548 eum
1193 1483 1339 1548 clausula

166 1584 290 1650 aeolica
319 1591 350 1650 et
374 1586 529 1669 2·2·5·,
553 1586 583 1653 N
609 1587 694 1651 1345
718 1592 767 1651 ter
790 1587 811 1650 3
835 1606 907 1651 cum
931 1588 1077 1654 clausula
1101 1589 1225 1654 aeolica
1247 1609 1338 1674 repe-

165 1697 275 1756 tuntur
313 1690 422 1757 iambi.
457 1730 498 1741 -
530 1692 564 1756 in
597 1691 736 1758 carmine
770 1693 887 1759 sacrali
922 1701 1020 1777 atque
1058 1716 1096 1761 eo
1127 1689 1338 1781 potissimum,

166 1797 252 1880 quod
269 1797 389 1863 Bacchi
412 1797 613 1863 inhonorem
633 1806 790 1883 cantatur,
815 1800 913 1865 iambi
939 1801 1142 1867 inveniuntur
1166 1803 1197 1866 in
1214 1801 1338 1887 paredo

166 1905 340 1988 Bonorum,
366 1924 430 1987 qua
453 1905 618 1970 Eleusinia
641 1912 739 1990 poeta
762 1905 906 1972 imitatus
922 1914 990 1973 'est
1037 1907 1152 1974 iambis
1182 1909 1278 1974 etiam
1301 1911 1338 1974 τὸ

166 2013 321 2090 collauda
355 2017 545 2096 conceptum
578 2023 641 2096 est,
675 2013 761 2094 quod
799 2014 827 2078 Α
863 2014 928 2078 263
965 2013 1172 2099 Dicaeopolis
1211 2014 1338 2081 Baccho

166 2138 318 2202 pompam
341 2137 443 2201 agens
467 2117 631 2184 decantat.

274 2225 482 2291 Inveniuntur
504 2234 612 2291 autern
635 2226 746 2310 iambi,
763 2227 883 2312 quippe
900 2227 955 2310 qui
968 2229 1092 2294 nurmeri
1116 2229 1180 2295 sint
1199 2230 1339 2296 maxime

166 2331 327 2417 vulgares,
353 2331 499 2397 omnibus
521 2331 651 2397 fabulae
675 2333 754 2398 locis
783 2340 912 2417 praeter
942 2335 1101 2419 paredum
1132 2335 1271 2402 exodum
1298 2383 1337 2392 .-

166 2458 271 2521 neque
296 2437 379 2503 enim
403 2437 446 2502 ad
470 2438 684 2504 incedendum
708 2439 776 2524 apti
800 2447 875 2506 sunt
896 2469 929 2492 -v
950 2442 1135 2527 parabasin.
1182 2445 1282 2510 semel
1307 2444 1338 2508 in

166 2545 290 2629 paredo
313 2544 516 2609 inveniuntur
539 2545 690 2630 L256.¹)
756 2587 758 2592 ,

273 2654 439 2718 Postremo
463 2671 569 2736 pauca
585 2652 626 2719 de
645 2653 867 2739 Aristophanis
890 2655 1015 2721 iambos
1039 2655 1198 2722 formandi
1215 2656 1339 2723 ratione

166 2759 289 2824 addere
318 2759 424 2826 liceat.
470 2759 502 2823 in
533 2760 673 2825 catalexi
707 2761 834 2827 iambus
869 2758 995 2846 integer
1033 2773 1160 2848 semper
1191 2770 1337 2830 servatus

166 2873 215 2932 est
247 2865 352 2951 prima
388 2866 516 2950 syllaba
558 2867 648 2934 brevi
698 2879 796 2935 υ-Ξ.
854 2868 904 2933 cui
943 2870 1008 2954 legi
1048 2871 1178 2936 obstare
1213 2871 1340 2936 videtur

166 2974 206 3039 Τ.
230 2995 260 3039 v.
285 2973 360 3057 987,
385 2972 439 3036 ubi
463 2972 495 3036 in
518 2993 598 3038 voce
622 2973 749 3054 Βάκχειε
779 2974 885 3058 prima
913 2975 1046 3059 incerta,
1077 2977 1110 3041 in
1140 2997 1219 3043 voce
1243 2979 1340 3054 αὐτὸς

165 3099 339 3163 suppressa
363 3086 422 3145 est.
458 3079 517 3144 sed
540 3085 626 3144 totus
651 3079 702 3144 hic
725 3080 814 3146 loeus
838 3082 935 3146 valde
958 3091 1127 3168 corruptus
1152 3091 1210 3171 est.
1234 3077 1340 3150 'thesis

165 3186 343 3250 alterautra
377 3204 552 3271 suppressa
587 3187 752 3271 proprium
787 3207 900 3255 versus
931 3209 1044 3254 sonum
1076 3191 1183 3258 efficit.
1236 3190 1340 3276 prima

166 3291 249 3356 enim
284 3293 472 3377 paenultimi
505 3293 597 3359 metri
634 3294 764 3379 syllaba
802 3315 977 3381 suppressa
1015 3297 1047 3362 in
1085 3298 1221 3382 periodo
1253 3305 1340 3363 cata-

165 3397 280 3462 lectica
318 3398 522 3484 ithyphallici
570 3425 651 3452 υ-υ
669 3441 686 3450 -
721 3413 920 3487 -υ-υ-Ξ,
956 3402 989 3467 in
1017 3403 1153 3489 periodo
1181 3405 1340 3470 acatalee-
1376 3466 1379 3472 .

165 3503 231 3569 tica
261 3504 388 3569 dimetri
417 3506 571 3572 trochaici
609 3533 873 3562 υυυυυυυυ
885 3535 970 3562 -υ-
1001 3510 1182 3576 catalectici
1212 3511 1339 3596 species

166 3609 309 3677 efficitur.
344 3612 530 3698 saepissime
560 3615 665 3699 prima
695 3616 792 3682 totius
820 3617 946 3702 periodi
978 3617 1137 3683 iambicae
1164 3639 1341 3704 suppressa

165 3723 225 3802 est,
250 3718 337 3782 velut
366 3719 399 3783 in
429 3721 570 3786 carmine
598 3723 627 3786 R
652 3724 727 3791 209.
775 3724 911 3790 duorum
941 3726 992 3791 vel
1023 3725 1232 3810 complurium
1263 3726 1340 3791 iam-

165 3824 288 3909 borum,
313 3825 367 3907 qui
391 3826 483 3892 iuxta
511 3829 608 3912 positi
639 3837 721 3915 sunt,
754 3832 859 3916 prima
889 3853 1017 3916 quaque
1048 3853 1225 3919 suppressa
1248 3835 1340 3899 ereti-

165 3948 275 3995 corum
308 3931 433 4016 species
466 3934 618 4019 eflicitur,
654 3937 743 4002 velut
776 3938 837 4005 Av.
874 3960 903 4005 v.
939 3941 1093 4004 410-12
1123 3971 1159 3999 =
1192 3942 1340 4007 13-15:

164 4029 240 4117 τύχη
276 4041 311 4103 δὲ
350 4041 426 4104 ποία
466 4043 582 4119 κομίζει
618 4042 688 4108 ποτ’
730 4047 816 4110 αὐτὼ
863 4048 944 4125 πρὸς
978 4046 1110 4126 ὄρνιθας
1144 4049 1261 4123 thesim
1298 4090 1340 4100 -

166 4146 249 4224 ἔρως
272 4147 313 4214 ol.
338 4148 364 4212 E
389 4148 453 4213 952
471 4155 538 4233 (pg.
558 4151 623 4234 18).
658 4152 762 4217 altera
783 4152 990 4220 iambi-thesi
1014 4175 1191 4240 suppressa
1214 4155 1340 4220 bacchii

273 4328 295 4387 ¹)
316 4326 349 4384 V.
370 4325 421 4381 277
442 4343 484 4397 sq.
517 4331 651 4400 corrupti
671 4336 750 4385 sunt.
783 4333 912 4386 fortasse
932 4334 1123 4392 scribendum
1144 4339 1189 4388 est

524 4416 612 4470 θῶπλ’
631 4420 723 4486 ᾤχετο
742 4422 890 4486 παραδοὺς
909 4421 970 4487 ἐμοὶ

522 4508 640 4573 σμικρὸν
660 4509 734 4574 ἔχων
753 4510 910 4575 τριβώνιον,

166 4598 202 4647 ut
222 4594 306 4648 initio
326 4611 353 4650 v.
373 4594 563 4650 aleramnus
584 4599 803 4653 anaclomenus
824 4602 1037 4669 (choriambus)
1058 4604 1104 4657 sit.

1235 4707 1269 4763 2*
