3316 5406
619 501 833 568 ..39...

233 703 310 781 ἅμα
336 705 446 768 δὲκαὶ

286 811 384 887 γένος
406 807 585 885 Ὀλυμπίων
609 810 694 870 θεῶν

291 915 387 992 μέλπε
409 915 460 977 καὶ
483 914 609 992 γέραιρε
633 918 726 994 φωνῇ
751 915 842 975 πάσα
864 914 1036 989 χορομανεῖ
1059 911 1175 992 τρόπῳ.

237 1023 269 1084 εἰ
297 1021 333 1084 δέ
355 1040 402 1098 τις

290 1130 458 1209 προσδοκᾷ
481 1128 587 1202 κακῶς
610 1125 692 1203 ἐρεῖν

189 1276 193 1283 -
289 1234 323 1298 ἐν
346 1232 421 1317 ἱερῷ
445 1231 578 1308 γυναῖκά
601 1229 630 1309 μ’
655 1229 758 1294 οὖσαν
783 1229 912 1308 ἄνδρας,
937 1228 995 1293 οὐκ
1018 1228 1125 1306 ὀρθῶς
1149 1230 1271 1306 φρονεῖ.

241 1341 326 1404 ἀλλὰ
348 1345 426 1419 χρῆν

289 1447 335 1524 ὡς
358 1445 404 1511 ἐπ’
428 1445 522 1523 ἔργον
546 1444 616 1508 αὐτὶ
641 1440 783 1524 καινὸν’)

288 1557 416 1631 πρῶτον
440 1551 591 1616 εὐκύκλου
613 1549 741 1628 χορείας
764 1549 870 1628 εὐφυᾶ
893 1553 1013 1626 στῆσαι
1038 1545 1141 1625 βάσιν.

103 1686 142 1741 et
173 1677 217 1742 R
235 1677 304 1742 534
321 1708 361 1733 =
378 1677 431 1762 90,
456 1673 511 1739 uhi
540 1673 728 1740 6·6·6·4·
766 1671 910 1737 trochaei
934 1669 984 1736 his
1007 1676 1196 1755 repetuntur
1221 1677 1253 1735 et
1276 1670 1309 1734 in

105 1784 190 1849 oda
223 1783 313 1849 etin
337 1781 468 1848 untoda.
632 1845 637 1856 ,

245 1887 432 1954 Troohaeus
450 1885 657 1954 catalecticus
672 1885 798 1968 integer
813 1905 941 1970 semper
959 1891 1107 1951 servatus
1124 1891 1173 1950 est
1196 1925 1221 1933 -
1237 1909 1255 1935 υ
1271 1895 1308 1949 Ξ.

108 2015 235 2081 saepe
270 1994 414 2060 binorum
450 1993 690 2076 trochaeorum‚
733 1992 788 2075 qui
824 1991 917 2058 iuxta
957 1992 1053 2078 positi
1095 2001 1182 2076 sunt,
1224 1989 1308 2057 thesi

109 2102 240 2166 altera
263 2080 391 2184 duaque
421 2119 595 2186 suppressa
625 2098 761 2165 duorum
795 2098 985 2165 ereticorum
1016 2099 1142 2184 speeies
1171 2105 1203 2164 et
1235 2118 1308 2183 pro-

110 2208 240 2292 prium
264 2207 356 2274 ethos
380 2247 420 2258 -
445 2207 599 2274 velocitas
629 2206 714 2273 enim
744 2206 836 2289 quasi
866 2207 989 2274 tardari
1020 2205 1149 2272 videtur
1177 2243 1217 2272 -.-
1242 2204 1308 2269 effi-

112 2314 229 2397 citur,
252 2314 341 2379 velut
364 2313 402 2382 V.
417 2330 458 2379 ·v.
484 2313 570 2379 1060
592 2331 640 2394 sq.
678 2313 824 2377 ῶπάλαι
846 2312 916 2378 ποτ’
946 2313 1037 2392 ὄντες
1068 2315 1156 2392 ἡμεῖς
1185 2311 1307 2389 ἄλκιμοι

115 2425 189 2498 μὲν
216 2423 250 2486 ἐν
277 2425 386 2501 χοροῖς
410 2420 533 2499 ἄλκιμοι
557 2419 585 2484 δ’
615 2420 650 2484 ἐν
673 2418 786 2497 μάχαις
817 2451 858 2476 =
885 2421 967 2484 1091
994 2440 1053 2504 sq„
1078 2418 1164 2502 quod
1188 2417 1220 2482 in
1243 2416 1307 2482 fine
1334 2403 1339 2412 ⁸

115 2526 260 2612 periodi
290 2526 358 2593 fieri
387 2526 478 2593 solet.
509 2565 553 2574 —
583 2526 609 2590 P
642 2526 725 2590 1127
758 2557 799 2582 =
827 2527 921 2610 1159,
954 2545 1025 2590 cum
1049 2524 1218 2609 imparium
1242 2543 1306 2588 me·
1415 2520 1419 2527 ’

117 2643 255 2700 trorum
280 2635 383 2701 altera
406 2652 553 2717 quaeque
577 2631 677 2698 thesis
700 2651 876 2718 suppressa
899 2632 957 2718 sit,
986 2632 1118 2698 schema
1141 2628 1305 2714 quoddam

119 2741 265 2808 auribus
289 2742 430 2827 perbene
452 2739 705 2826 percipiendum,
730 2740 816 2823 quod
840 2746 989 2806 constare
1005 2738 1133 2804 videtur
1156 2758 1196 2803 ex
1218 2738 1238 2802 3
1258 2736 1305 2801 di-

120 2847 245 2914 metris
279 2846 452 2913 trochaicis
486 2845 699 2930 catalectieis,
735 2845 882 2932 efficitur,
915 2846 948 2912 in
983 2845 1073 2911 initio
1109 2851 1141 2910 et
1174 2843 1207 2909 in
1241 2844 1303 2910 fine

121 2952 377 3038 pseudoeretico
400 2952 552 3019 adiuncto

294 3060 411 3140 ἥδομαί
434 3058 463 3136 γ’
486 3060 603 3139 ἥδομαι
627 3061 765 3138 κράνους
789 3059 886 3138 ἀπηλ-

485 3166 641 3244 λαγμένος
663 3170 761 3244 τυροῦ
783 3187 817 3230 τε
839 3167 891 3230 καὶ

487 3271 666 3351 κρομμύων.
691 3277 730 3336 οὐ
753 3273 814 3351 γὰρ
837 3275 963 3352 φιληδῶ
988 3271 1110 3350 μάχαις.

126 3395 296 3482 proprium
320 3395 465 3462 trochaei
487 3396 622 3461 formam
646 3395 782 3480 praebet
804 3396 842 3463 L.
866 3417 897 3462 ν.
922 3395 986 3462 658
1011 3415 1058 3478 sq.

345 3518 430 3584 ταῦτ’
454 3520 512 3585 οὐν
536 3525 593 3600 οὐχ
615 3517 705 3599 ύβρις
727 3521 767 3585 τὰ
788 3519 944 3600 πράγματ’
968 3522 1036 3586 ἐστὶ

346 3627 461 3704 πολλή;
485 3626 679 3691 κάπιδώσειν
704 3648 756 3706 μοι
780 3631 867 3691 δοκεῖ
889 3628 926 3692 τὸ
948 3633 1053 3707 χρῆμα
1077 3631 1195 3706 μᾶλλον
1219 3631 1282 3692 κτλ.

133 3763 172 3792 =
188 3735 252 3800 682
266 3753 314 3816 sq.
338 3734 365 3798 si
388 3736 426 3813 νή
450 3736 495 3798 τὼ
520 3735 583 3798 θεώ
608 3754 645 3813 με
669 3735 869 3813 ζωπυρήσεις

345 3840 434 3905 λύσω
457 3843 515 3920 τήν
538 3840 675 3921 ἐμαυτῆς
698 3840 736 3906 ὗν
760 3842 822 3917 ἐγὼ
848 3843 886 3920 δή
911 3841 962 3904 καὶ
984 3841 1112 3919 ποιήσω
1135 3845 1209 3916 κτλ,

132 3944 187 4011 ubi
222 3945 316 4030 primi
347 3944 501 4028 cuiusque
531 3946 675 4012 trochaei
706 3946 821 4012 ambae
857 3946 964 4012 theses
1001 3965 1195 4032 suppressae
1229 3954 1303 4012 suut

133 4093 209 4136 --,
234 4051 364 4134 quade
393 4073 428 4118 re
459 4053 526 4137 egit
556 4053 593 4120 F.
623 4053 729 4139 Spiro,
753 4053 892 4119 Hermae
919 4053 982 4120 vol.
1006 4051 1122 4118 XXIII
1145 4074 1200 4139 pg.
1225 4053 1301 4120 255.

238 4199 261 4267 ¹)
281 4197 410 4270 Legitur
429 4201 525 4265 ὥσπερ
545 4198 638 4267 ἔργον,
663 4198 745 4268 quod
763 4213 837 4252 corr.
857 4197 1013 4252 Velscnus.
1026 4225 1061 4236 -
1074 4197 1172 4249 καινὸν
1190 4197 1302 4268 optime

132 4305 165 4342 sc
183 4287 291 4354 habet3
309 4303 380 4342 nam
399 4287 438 4341 ad
457 4302 570 4342 novum
589 4287 607 4340 i.
627 4302 653 4341 e.
672 4286 756 4341 aliud
776 4286 907 4341 saltandi
934 4301 1032 4356 genus
1056 4287 1198 4340 mulieres
1222 4291 1301 4340 tran-

132 4380 229 4432 seunt.
268 4381 332 4431 tum
351 4377 473 4431 veroin
493 4378 550 4430 hac
563 4376 653 4429 tertie
667 4376 790 4445 stropha
807 4369 1032 4446 responsionem
1051 4391 1112 4429 non
1134 4375 1194 4428 iem
1214 4390 1301 4430 accu-

131 4469 197 4520 rate
217 4469 368 4521 servatam
388 4479 454 4519 esse
473 4463 701 4519 eoncedendum
721 4468 775 4531 est,
802 4479 894 4534 quam
912 4464 1065 4520 licentiam
1083 4467 1192 4537 poetae
1210 4465 1301 4522 facile

132 4554 376 4610 condonabimus.
