3316 5406
620 511 838 586 ..53-

251 713 288 777 In
311 710 494 779 universum
511 719 618 778 autem
635 712 675 778 de
692 710 918 796 Aristophanis
942 731 976 777 re
992 710 1125 780 metrica
1142 711 1313 778 dicendum

142 823 193 883 est
224 839 344 902 magna
375 817 595 904 simplicitate,
632 818 742 904 paullo
778 816 900 883 maiore
933 818 1083 884 libertate
1123 823 1253 903 poetam
1283 817 1315 881 in

142 924 374 1008 posterioribus
397 925 516 991 fabulis
539 944 631 991 usum
656 944 737 990 esse.
784 931 815 988 et
839 923 900 989 hac
921 943 1048 1008 quoqne
1064 945 1099 990 re
1115 923 1314 989 comoediam

142 1053 165 1096 a
188 1030 394 1116 dithyrambo
418 1031 514 1117 plane
539 1031 660 1098 distare
683 1049 872 1114 cognoscas.

251 1245 317 1311 Sed
340 1245 404 1310 iam
429 1265 585 1311 summam
608 1245 776 1310 faciamus.
823 1244 961 1312 vidimus
989 1244 1087 1329 igitur
1115 1245 1252 1330 primum
1276 1262 1315 1310 ea

143 1349 288 1416 carmina
311 1371 395 1433 quae
418 1352 567 1417 lacunam
599 1351 729 1435 explent
759 1357 815 1416 aut
839 1371 906 1416 rem
937 1351 1064 1416 inanem
1096 1351 1187 1434 quasi
1219 1349 1314 1415 comi-

143 1464 253 1522 tantur
276 1457 308 1522 in
332 1457 562 1543 posterioribus
585 1457 703 1524 fabulis
726 1457 830 1523 rarius
853 1457 988 1523 inveniri
1015 1457 1035 1525 i.
1061 1479 1088 1525 e.
1113 1458 1218 1543 ipsum
1242 1457 1315 1522 cho-

142 1585 214 1628 rum
238 1563 280 1629 ad
311 1585 379 1630 rem
410 1563 572 1647 agendam
603 1564 667 1629 iam
697 1585 761 1629 non
791 1565 924 1630 multum
954 1566 1072 1632 valere.
1119 1565 1214 1629 immo
1238 1585 1315 1630 vero

143 1669 301 1756 impedire
324 1691 429 1756 paene
452 1671 611 1736 actionem
635 1671 762 1736 videtur
786 1673 814 1736 T
837 1673 911 1757 106,
935 1671 990 1736 ubi
1014 1692 1085 1737 cum
1108 1670 1314 1751 Mnesilocho,

130 1780 174 1844 ·R
197 1780 273 1863 430,
297 1779 352 1844 ubi
376 1801 447 1844 oum
471 1779 600 1844 Baccho
625 1778 703 1862 agit.
750 1781 788 1844 In
811 1778 912 1844 Ranis
936 1787 1044 1845 autem
1077 1779 1183 1844 omnia
1211 1797 1315 1864 paene

145 1885 235 1950 chori
259 1886 403 1952 carmina
425 1908 488 1952 non
511 1887 571 1954 nisi
589 1887 797 1973 disponendis
821 1887 951 1952 fabulae
966 1886 1112 1971 partibus
1128 1885 1315 1952 inserviunt.

145 1999 257 2059 contra
282 2014 410 2059 carmen
433 1996 567 2079 sacrale,
599 1995 685 2077 quod
709 1995 751 2060 ad
776 2015 843 2059 rem
867 1993 1029 2078 agendam
1059 1993 1136 2058 nihil
1167 1993 1315 2078 pertinet,

145 2101 250 2183 magis
273 2101 441 2184 magisque
465 2102 565 2186 pollet
589 2103 630 2186 (T
655 2103 719 2166 312
750 2102 815 2166 352
839 2103 904 2166 949
930 2097 1015 2167 1136
1045 2101 1074 2166 R
1103 2100 1136 2165 in
1166 2100 1315 2186 paredo).

146 2208 244 2273 etiam
267 2208 555 2294 parachcregema,
580 2209 666 2291 quod
690 2209 719 2273 V
742 2210 807 2274 299
838 2209 974 2293 primum
1004 2216 1036 2273 et
1067 2215 1161 2274 caute
1192 2206 1316 2273 adhibi-

145 2322 212 2381 tum
230 2321 288 2398 est,
312 2313 343 2378 in
366 2314 596 2398 posterioribus
619 2313 739 2380 sabulis
755 2314 886 2399 saepius
909 2315 1069 2379 invenitur
1085 2317 1126 2399 (L
1145 2317 1228 2380 1241
1246 2335 1315 2396 sqq.

144 2419 234 2484 chori
258 2420 590 2486 Lacedaemoniorum
614 2428 647 2486 11
676 2421 929 2503 Atheniensium,
954 2422 982 2485 T
1010 2424 1070 2486 101
1102 2442 1171 2504 sqq.
1202 2421 1317 2486 chorus

145 2526 335 2612 Agathonis,
359 2528 477 2592 11209
501 2544 571 2610 sqq.
601 2528 745 2611 Ranae);
777 2527 921 2592 confiteri
951 2527 1188 2610 quodammodo
1218 2535 1315 2612 poeta

146 2631 278 2697 chorum
301 2632 366 2698 suis
391 2632 531 2699 consiliis
556 2654 617 2698 non
641 2633 706 2699 iam
729 2634 875 2699 sufficere
898 2633 1034 2700 videtur.

253 2738 378 2804 Deinde
408 2740 587 2805 amocbaea
619 2739 849 2825 posterioribus
882 2739 913 2803 in
942 2740 1060 2807 sabulis
1094 2741 1196 2806 rarius
1228 2740 1314 2805 inve-

145 2845 284 2912 niuntur.
324 2845 460 2928 ethaeo
484 2844 757 2929 choriquaedam
782 2846 956 2912 deminutio
981 2854 1039 2932 est,
1064 2847 1140 2930 quia
1156 2868 1194 2912 eo
1210 2846 1315 2929 magis
1405 2930 1409 2936 ·

146 2971 167 3014 a
189 2970 224 3015 re
247 2949 377 3034 agenda
401 2950 604 3016 abalienatur
627 2958 725 3033 atque
756 2951 812 3036 ita,
844 2960 879 3018 ut
908 2972 1040 3038 prorsus
1071 2953 1209 3036 denique
1240 2973 1314 3018 eva·
1384 2937 1388 2972 ³

145 3062 267 3123 noscat.
314 3062 427 3122 contra
458 3056 610 3122 monodia
639 3057 744 3142 magis
773 3058 941 3141 magisque
971 3059 1080 3145 pollet.
1128 3058 1315 3144 saepissime
1369 3085 1373 3092 ·

145 3161 306 3227 invenitur
335 3162 366 3227 in
398 3164 426 3226 Τ
456 3164 486 3227 R
516 3163 584 3247 (ubi
614 3163 795 3248 Aeschylus
826 3171 858 3229 et
888 3163 1061 3250 Euripides
1090 3165 1232 3230 carmina
1256 3186 1316 3230 sua

145 3269 282 3335 invicem
305 3269 548 3354 perstringunt).
594 3290 654 3335 nec
677 3269 887 3336 omittendum
912 3278 961 3336 est
992 3271 1025 3336 in
1047 3272 1085 3356 Ε,
1117 3273 1315 3357 paenultima

146 3376 267 3461 fabula,
292 3376 574 3462 paraclausithyra
597 3375 653 3442 illa
669 3377 775 3462 posita
795 3397 867 3443 esse
886 3384 918 3444 et
934 3399 1085 3462 magnum
1101 3400 1160 3465 per
1176 3380 1315 3464 spatium

147 3481 287 3548 extendi.

253 3587 410 3653 Carminis
435 3589 466 3655 ἐξ
490 3588 611 3667 ὁμοίων
634 3588 746 3672 forma,
771 3609 854 3670 quae
884 3589 1013 3673 proprie
1044 3597 1092 3656 est
1122 3589 1315 3656 carminibus

147 3694 335 3777 saeralibus,
359 3693 398 3760 iis
422 3694 632 3780 potissimum,
657 3714 740 3777 quae
763 3695 886 3760 Bacchi
909 3696 941 3760 in
965 3695 1116 3762 honorem
1140 3697 1211 3762 cani
1236 3699 1315 3762 sole-

147 3801 224 3864 bant
249 3800 301 3884 (cf.
326 3801 355 3865 R
379 3801 561 3885 parodum),
586 3809 617 3866 et
641 3801 672 3865 in
696 3801 890 3867 carminibus
914 3802 1123 3887 popularibus
1146 3804 1314 3888 reperitur,

147 3905 369 3989 antiquissima
400 3914 465 3992 est;
496 3915 594 3990 atque
624 3908 655 3972 in
686 3907 819 3990 antiqua
842 3929 914 3974 eam
945 3909 1112 3974 comoedia
1141 3910 1315 3974 admodum

147 4013 344 4095 frequentem
368 4013 470 4079 luisse
499 4013 708 4078 iudicandum
740 4022 798 4082 est.
845 4015 984 4080 occurrit
1007 4015 1090 4080 enim
1122 4016 1208 4092 etin
1232 4018 1259 4081 Α
1284 4023 1317 4081 11

147 4118 178 4182 in
201 4120 252 4202 Eq
276 4119 325 4184 bis
350 4121 390 4203 (Α
415 4121 479 4185 836
503 4122 568 4185 939
592 4120 642 4203 Eq
666 4121 730 4186 913
757 4123 872 4206 1111);
897 4122 929 4186 in
953 4123 983 4190 N
1008 4123 1036 4188 V
1059 4124 1086 4187 L
1110 4144 1172 4188 non
1197 4131 1314 4208 exstat,

148 4226 244 4292 semel
268 4225 301 4290 in
316 4227 341 4290 P
359 4228 472 4311 (1329)
489 4234 521 4292 11
536 4227 568 4290 in
584 4229 635 4292 Av
653 4229 776 4312 (1731),
801 4229 859 4294 sed
876 4230 957 4294 haec
981 4229 1123 4296 carmina
1147 4230 1316 4316 popularia

148 4341 229 4398 sunt.
276 4332 307 4396 in
341 4332 535 4399 carminibus
571 4334 749 4400 sacralibus
783 4335 928 4401 adhibita
968 4343 1017 4402 est
1044 4337 1084 4401 'R
1116 4336 1148 4402 in
1180 4337 1314 4422 parodo,

148 4438 174 4502 T
199 4440 274 4505 959.
320 4445 492 4523 praeterea
516 4439 619 4506 bisin
644 4440 673 4504 R
697 4441 841 4526 recurrit,
866 4443 924 4508 sed
948 4442 1098 4524 quoniam
1121 4443 1236 4510 iambis
1260 4451 1316 4509 aut

147 4543 311 4629 glyconeis
335 4543 413 4610 locis
436 4545 505 4612 illis·
522 4545 777 4613 Acharnensium
800 4554 832 4613 et
858 4548 1011 4630 Equitum
1035 4569 1111 4615 usus
1135 4558 1184 4616 est
1208 4557 1315 4635 poeta,
