3316 5406
577 527 799 602 ...29-

92 729 237 817 syllaba
256 728 385 818 ancipiti
408 731 494 796 nullo
517 731 607 796 hiatu
622 731 859 816 intercedente,
883 736 916 796 et
938 730 1033 796 finem
1064 727 1163 796 faeiat
1187 733 1276 798 aaa:

89 839 246 922 lecticus,
277 844 311 903 ut
344 837 451 902 omnia
484 837 563 902 haec
593 837 743 902 membra
770 857 830 922 per
859 836 1063 922 synaphiem‚
1096 843 1131 901 ut
1163 835 1274 902 dicere

91 947 255 1028 solemus,
286 945 369 1009 inter
403 963 438 1008 se
473 943 668 1008 cohaereant
702 950 735 1008 et
769 951 874 1030 totum
907 949 1051 1027 systema
1082 951 1274 1028 perpetuum

91 1072 206 1134 usque
230 1051 269 1116 ad
293 1051 454 1116 catalexin
483 1051 693 1117 continuetur.
741 1050 850 1135 parvis
881 1056 987 1115 autem
1018 1070 1145 1136 semper
1172 1057 1273 1135 syste-

95 1160 198 1223 matis
232 1179 305 1224 usus
338 1164 387 1223 est
419 1165 534 1242 poeta3
568 1158 769 1224 continentur
806 1158 889 1222 enim
921 1156 1056 1240 singulis
1089 1158 1274 1241 systematis

95 1265 164 1328 hini
200 1266 278 1330 terni
308 1264 455 1348 quaterni
484 1263 576 1347 quini·
602 1263 670 1330 seni
700 1263 860 1348 glyconei.
908 1283 991 1346 quae
1021 1270 1202 1347 systemata
1231 1263 1273 1328 ad

97 1372 298 1438 carminat}
322 1372 443 1451 ὁμοίων
467 1369 688 1456 componenda
711 1369 878 1454 aptissima
906 1390 977 1436 esse
1007 1369 1103 1435 facile
1127 1370 1273 1454 colligas.

102 1518 140 1524 —-
173 1478 225 1561 Eq
253 1479 348 1562 973¹)
380 1478 485 1543 sexies
517 1480 664 1561 quaterni
693 1479 857 1563 glyconei,
888 1481 917 1544 R
948 1479 1013 1546 448
1045 1478 1094 1544 bis
1126 1479 1274 1562 quaterni

98 1585 249 1668 acephali
273 1584 537 1650 antecedentibus
561 1584 695 1667 singulis
718 1584 912 1654 tetrametris
936 1585 1096 1671 iambicis,
1120 1586 1171 1668 Eq
1189 1588 1272 1651 1111

37 1725 38 1730 1
100 1692 247 1770 quaterni
266 1699 298 1757 et
318 1692 387 1758 seni
407 1691 683 1777 polysc'hematisti
707 1691 841 1776 singulis
864 1692 1004 1776 strophis
1029 1693 1143 1757 inclusi
1157 1699 1274 1774 quater

37 1865 38 1888 χ
98 1806 298 1881 repetuntur.
346 1799 481 1884 primam
506 1799 671 1883 stropham
695 1799 879 1864 exscribere
902 1798 1018 1865 liceat:

417 1921 457 1986 Ὠ
481 1925 582 2003 Δῆμε,
607 1926 705 2003 καλήν
728 1922 756 2000 γ’
781 1925 861 2003 έχεις

475 2030 582 2110 ἀρχὴν,
607 2029 660 2093 ὅτε
684 2030 800 2108 πάντες
824 2029 877 2094 ἄν·

476 2143 598 2216 θρωποι
624 2124 748 2201 δεδίασῖ
773 2137 803 2200 α’
828 2138 891 2200 ὥσ·

474 2265 533 2324 περ
558 2244 660 2322 ἄνδρα
683 2245 849 2323 τύραννον.

423 2350 488 2415 ἀλλ’
513 2351 752 2429 εὐπαράγωγος,
766 2347 794 2414 εἶ

477 2459 701 2537 θωπευόμενός
724 2480 757 2523 τε
780 2461 845 2538 χαί-

476 2587 540 2644 μεις
564 2565 830 2645 κάξαπατώμενος

472 2673 553 2750 πρὸς
576 2673 688 2737 τόντε
712 2672 831 2749 λέγοντ’
855 2673 903 2738 ἀεὶ

474 2780 616 2858 κέχηνας·
641 2779 660 2842 ὁ
682 2783 760 2858 ναῦς
784 2783 819 2844 δὲ
843 2797 905 2843 σου

360 2899 361 2904 ’
397 2917 398 2921 =
475 2889 587 2964 παρὼν
611 2886 776 2966 ἀποδημεῖ.

107 3109 291 3198 catalectici,
325 3116 441 3198 quibus
474 3117 688 3203 epiphonema
720 3121 916 3186 continetur:
931 3105 932 3108 ¹
948 3121 1048 3200 Ὑμὴν
1080 3121 1217 3200 Ὑμέναι’
1246 3123 1272 3186 ὦ

109 3258 314 3268 ——..-—.

106 3005 130 3068 P
157 3007 238 3073 1329
262 3009 383 3094 septies
406 3009 505 3075 ternis
528 3010 693 3094 acephalis
717 3011 934 3076 acatalectieis
950 3013 1185 3096 subiunguntur
1207 3011 1273 3078 bini

209 3330 230 3393 1)
251 3329 284 3382 V.
305 3328 356 3382 974
382 3345 424 3398 sq.
451 3331 563 3401 legitur
589 3337 712 3398 παροῦσι
740 3333 785 3386 καὶ
813 3336 874 3399 τοῖς
902 3335 1165 3402 ἀφικνουμένοισιν,
1193 3340 1274 3406 quod

37 3395 39 3484 l
108 3417 232 3470 numeris
251 3423 412 3487 repugnat.
441 3419 493 3472 sed
513 3420 569 3473 hoc
587 3423 659 3474 mihi
678 3427 794 3476 certum
810 3437 877 3477 esse
891 3423 1012 3479 videtur
1024 3427 1117 3480 verbo
1137 3427 1271 3493 ἀφικνου-

37 3499 38 3532 l
111 3506 197 3568 μένοις
219 3499 346 3573 (deletis
360 3508 467 3560 litteris
488 3507 523 3574 ιν)
544 3509 727 3578 glyconeum
748 3513 852 3580 latere,
876 3518 911 3566 ut
931 3514 986 3568 hoc
1007 3519 1125 3568 tantum
1151 3516 1224 3584 quid
1242 3518 1273 3569 in
1344 3546 1347 3553 ·

37 3577 52 3676 l¹
111 3595 188 3648 initio
207 3610 312 3648 versus
333 3597 523 3651 scribendum
547 3600 585 3650 sir
604 3600 787 3670 ambigatur.
825 3602 1030 3657 desideramus
1053 3603 1173 3673 quidem
1198 3605 1272 3659 haec

111 3683 182 3738 fere:
199 3683 345 3738 ‘omnibus
364 3687 417 3754 qui
435 3687 547 3740 adsunt
566 3693 596 3740 et
616 3690 667 3757 qui
687 3689 817 3744 aderunt
836 3691 987 3760 unquam‘.
1024 3693 1083 3746 iam
1104 3709 1172 3746 curn
1192 3695 1272 3747 futu·

112 3783 171 3827 rum
188 3773 271 3828 verbi
292 3773 468 3838 detractator
488 3779 620 3830 numeris
644 3794 705 3831 uon
724 3782 898 3848 conveniat,
926 3781 1009 3835 aliud
1028 3783 1155 3836 verbum
1182 3797 1272 3850 quae-

113 3863 228 3917 rendum
248 3866 302 3929 est,
322 3864 371 3916 cui
390 3865 473 3918 notio
493 3867 589 3918 futuri
607 3867 694 3922 inest.
732 3869 812 3936 quod
832 3871 1058 3940 elegantissime
1083 3871 1219 3937 efficitur,
1239 3873 1273 3939 si,

114 3953 184 4024 quod
202 3951 358 4006 Kaibelius
378 3953 448 4006 olim
467 3961 674 4024 proposuerat,
694 3958 799 4010 scribis
817 3961 907 4011 τοῖσιν
926 3961 1204 4027 ἀνταφικνουμένοις.

207 4040 230 4108 ²)
251 4040 327 4094 Nam
356 4043 398 4095 sic
426 4045 580 4112 geminato
610 4046 839 4115 epiphonemate
872 4048 1063 4103 scribendum
1096 4065 1162 4104 esse
1190 4057 1272 4106 recte

115 4129 315 4184 anImedvertit
334 4129 529 4199 Schraderus,
549 4131 603 4184 Rh.
617 4132 654 4186 M.
674 4132 746 4187 XXI
759 4133 793 4186 93
804 4150 867 4204 sqq.
881 4137 1038 4205 quaerItur
1053 4143 1155 4192 autem
1170 4144 1271 4194 utrum

117 4217 167 4272 duo
197 4233 300 4272 versus
333 4221 502 4274 catalectici
534 4237 573 4274 an
607 4238 686 4276 unus
719 4225 936 4279 acatalecticus
964 4226 1041 4280 alter
1074 4229 1271 4284 catalecticus

118 4307 255 4361 statuendi
287 4309 354 4388 sint.
397 4326 434 4363 ex
470 4309 581 4364 Catulli
609 4327 681 4364 vero
714 4314 897 4368 carminibus
925 4313 994 4368 LXI
1023 4320 1054 4368 et
1080 4315 1165 4372 LXII
1198 4319 1271 4372 nihil

118 4395 264 4450 lucramur.
301 4413 372 4452 nam
391 4397 544 4454 Catullum
565 4416 617 4469 pro
631 4402 813 4455 necessitate
832 4417 937 4458 versus
951 4404 1027 4458 haee
1040 4403 1271 4476 epIphonemata

117 4487 246 4539 formasse
274 4493 415 4557 apparet:
441 4489 470 4540 in
499 4489 630 4542 carmine
656 4487 723 4542 LXI
743 4490 832 4543 finem
858 4491 975 4546 faciunt
1000 4493 1142 4562 strophae
1169 4495 1270 4563 glyeo»

119 4589 191 4638 neae,
202 4575 304 4644 Itaque
318 4577 536 4644 paenultimum
551 4592 671 4630 versum
685 4579 867 4647 glyconeum
881 4581 1121 4647 acatalecticum,
1131 4582 1269 4638 ultimum
