3316 5406
848 519 1066 593 ...30-

370 718 470 802 Ὑμὴν
497 722 635 801 Ὑμέναι’
664 723 737 807 dr’).
784 726 834 788 Ar
866 723 948 788 1731
986 721 1150 806 quaternis
1185 721 1349 809 acephalis
1379 722 1540 788 acatalec-

372 829 444 896 ticis
467 836 499 896 ct
522 830 633 913 quinto
656 829 1149 916 pherecrateo¹)subiunguntur
1164 829 1230 895 bini
1255 830 1399 896 eiusdem
1424 830 1543 915 speciei

374 957 494 1020 versus,
519 936 635 1018 quibus
659 935 880 1022 epiphonema
897 939 1090 1003 continetur:

743 1041 826 1127 Ἥρᾳ
848 1043 916 1108 ποτ’
939 1043 1094 1126 Ὀλυμπίᾳ

746 1151 802 1214 τὸν
825 1151 982 1229 ἠλιβάτων
1006 1152 1133 1230 θρόνων

748 1255 887 1335 ἄρχοντα
909 1261 978 1321 θεαὶ
1004 1259 1103 1334 μέγαν

670 1435 673 1447 ,
749 1361 867 1442 Μοῖραι
891 1365 1113 1443 ξυνεκοίμισαν

751 1472 785 1535 ἐν
808 1469 914 1555 τοιῷδ’
937 1471 1085 1555 ὑμεναίῳ.

746 1578 846 1657 Ὑμὴν
869 1577 895 1641 ὦ
914 1577 1051 1656 Ὑμέναι’
1075 1577 1102 1640 ὦ

748 1685 848 1764 Ὑμὴν
871 1685 897 1748 ὦ
916 1682 1053 1761 Ὑμέναι’
1078 1684 1114 1747 ὦ.

377 1830 417 1838 -
442 1789 538 1855 etiam
562 1791 590 1853 Τ
617 1791 732 1874 1136’)
756 1791 882 1876 species
912 1791 1061 1855 carminis
1092 1791 1124 1856 ἐξ
1155 1791 1275 1868 ὁμοίων
1305 1795 1422 1856 exstat.
1470 1810 1547 1854 nam

376 1897 528 1981 inpriore
545 1898 667 1984 parte³)
685 1920 714 1964 v.
732 1899 862 1963 36-47
880 1899 942 1963 tria
957 1905 1136 1982 systemata
1151 1897 1306 1962 triuorum
1316 1898 1550 1980 glyconeorum

376 2004 628 2088 subsequuntur3
653 2004 735 2069 inter
758 2002 934 2069 secundum
957 2011 989 2069 et
1013 2004 1141 2070 tertium
1166 2010 1209 2088 (ν.
1233 2005 1277 2067 43
1302 2009 1363 2086 sq.)
1395 2009 1552 2086 quattuor

377 2111 502 2177 bacchii
525 2111 737 2178 intercedunt.
777 2110 809 2176 in
834 2111 1011 2195 posteriore
1034 2119 1125 2196 parte
1143 2133 1173 2178 ν.
1189 2111 1321 2176 48-59
1345 2117 1454 2175 ternos
1480 2110 1552 2194 gly-

377 2239 494 2283 coneos
518 2216 744 2283 acatalecticos
768 2216 817 2282 bis
841 2217 1005 2302 excipiunt
1021 2216 1143 2302 dactyli
1159 2216 1296 2302 primum
1314 2218 1330 2281 ί
1349 2215 1467 2281 άοίιιάο
1485 2217 1551 2299 5⁴),

378 2325 433 2409 qui
457 2325 616 2392 artissime
639 2345 711 2389 cum
734 2307 901 2408 glyconeis
925 2323 1139 2408 coniungendi
1164 2331 1247 2408 sunt,
1279 2329 1314 2387 ut
1337 2323 1429 2407 quasi
1454 2323 1553 2387 finem

379 2433 523 2498 eiusdem
546 2430 733 2517 systematis
756 2430 887 2497 faciant.

486 2549 590 2626 Quam
614 2547 769 2614 rationem
793 2545 1005 2631 componendi
1033 2546 1130 2632 plane
1153 2568 1173 2612 a
1202 2546 1398 2630 tragicorum
1427 2544 1554 2629 differe,

379 2656 433 2740 qni
456 2655 489 2720 in
505 2653 671 2740 glyconois
688 2652 917 2738 componendis
933 2675 1052 2738 magna
1068 2654 1225 2721 varietate
1242 2661 1383 2739 utuntur,
1402 2662 1554 2740 apparet.

380 2762 438 2828 sed
470 2761 606 2827 conferri
641 2767 776 2846 possunt
810 2760 1021 2826 Anacreontis
1055 2759 1247 2846 fragmenta,
1284 2764 1338 2844 qui
1374 2767 1556 2844 systemata

380 2885 542 2935 ternorum
574 2873 800 2950 quaternorum
833 2869 1001 2950 quinorum
1030 2887 1179 2933 versuum
1203 2869 1434 2952 glyconcorum
1468 2889 1555 2932 com-

381 2977 497 3064 posuit.
545 2975 631 3060 apud
665 2974 802 3040 eundem
833 2975 982 3041 carminis
1012 2976 1044 3042 ἐξ
1074 2976 1195 3053 ὁμοίων
1226 2981 1348 3040 certum
1378 2973 1555 3056 vestigium

382 3082 539 3168 reperitur
561 3081 599 3147 fr.
628 3082 677 3165 14,
701 3080 756 3146 ubi
780 3081 927 3164 quaterni

702 3189 825 3272 σφαίρῃ
851 3188 945 3267 onore
970 3209 1006 3264 με
1029 3190 1196 3272 πορφυρέῃ

758 3295 882 3373 βάλλων
905 3294 1109 3373 χρυσοκόμης
1127 3294 1233 3373 Ἔρως

645 3439 646 3444 1
756 3403 825 3480 νήνι
848 3402 1128 3485 ποικιλοσαμβάλῳ

756 3510 943 3586 συμπαίζειν
966 3513 1176 3587 προκαλεῖται.

384 3682 593 3736 catalecticum
613 3681 685 3734 fecit
704 3684 816 3750 poeta·
840 3680 895 3733 hoc
914 3695 987 3734 vero
1007 3678 1217 3750 Aristophanis
1238 3679 1304 3734 loco
1323 3679 1382 3734 iam
1403 3679 1560 3732 antecedit

385 3785 491 3826 versus
512 3770 707 3824 catalecticus
727 3784 783 3822 nec
802 3769 833 3822 in
846 3769 906 3822 line
920 3770 1092 3838 systematis
1106 3781 1212 3822 versus
1226 3768 1395 3821 catalectici
1408 3769 1563 3822 cumulati

386 3860 551 3929 quidquam
579 3859 646 3912 miri
675 3859 801 3928 habent,
831 3861 919 3913 immo
947 3860 1036 3930 plane
1062 3861 1092 3912 in
1118 3859 1233 3912 deliciis
1263 3863 1334 3912 sunt
1362 3857 1562 3928 Aristophani

387 3948 517 4018 quidem.

419 4067 422 4072 ·
494 4037 516 4104 ¹)
538 4037 614 4092 Nam
634 4053 663 4090 v.
682 4037 750 4091 1735
770 4039 801 4090 ἐν
813 4035 848 4089 42
861 4040 912 4104 τῆς
924 4035 948 4090 τ’
961 4053 1029 4091 cum
1049 4037 1202 4092 codicibus
1216 4037 1366 4092 servanda
1381 4042 1453 4092 sunt
1466 4044 1563 4108 atque

389 4127 463 4180 haec
492 4127 613 4180 licentia
641 4133 749 4198 poetae
777 4129 995 4198 permittemus,
1023 4132 1058 4181 ut
1086 4129 1117 4181 in
1145 4128 1204 4181 tine
1233 4129 1406 4196 systematis
1437 4143 1563 4183 uersum

389 4216 553 4286 pleniorem
572 4217 760 4270 brevioribus
780 4217 957 4286 subiungat.

495 4304 519 4372 2)
539 4304 662 4359 Numeri
682 4306 824 4375 descripti
844 4309 916 4358 sunt
934 4322 984 4376 pg.
1003 4304 1045 4358 34.

495 4395 518 4461 ³)
539 4393 674 4448 Primum·
692 4395 771 4448 enim
790 4394 933 4463 Minerva,
954 4394 1060 4448 deinde
1084 4393 1268 4461 Θεσμοφόρω
1282 4392 1460 4445 πολυποτνία
1481 4393 1565 4448 invo-

389 4487 507 4538 cantur.
545 4485 788 4537 ctiamsnumeris
808 4483 922 4538 distant
941 4485 998 4538 hae
1018 4485 1098 4538 duae
1119 4491 1228 4554 partes,

496 4571 520 4640 4)
540 4572 573 4626 V.
593 4571 663 4625 1159
682 4583 750 4626 cum
770 4571 944 4627 Hermanno
965 4573 1157 4627 scribendum
1177 4579 1222 4627 est
1242 4574 1345 4626 ἔνθαδε
1365 4573 1455 4650 χήμῖν.
