3316 5406
768 477 987 544 -.40-

293 672 427 738 recurrit
451 672 531 738 haec
554 672 658 737 forma
681 671 718 738 L.
744 693 773 738 v.
799 672 862 738 668
888 705 926 728 =
953 672 1027 738 692.
1053 673 1094 737 de
1124 673 1267 740 carmine
1299 675 1359 740 781
1388 696 1462 740 mox

293 800 400 862 agam.
447 778 544 843 etiam
567 776 726 842 invenitur

381 895 441 976 Eq.
466 917 496 960 v.
521 893 586 958 616
609 897 666 957 νῦν
690 892 739 970 ἄρ’
768 893 856 959 άξιόν
879 915 914 970 γε
937 896 1036 958 πᾶσίν
1060 897 1146 959 ἐστιν
1170 897 1355 963 ἐπολολύξαι

458 1031 498 1054 =
523 999 587 1063 683
611 1000 713 1063 udum
736 1020 784 1062 τοι
808 1002 972 1079 πέπραγας
995 1000 1048 1064 οἶα
1071 1005 1128 1080 χρὴ
1153 1004 1209 1066 τὸν
1232 1003 1431 1082 εὐτυχοῦντα,

293 1115 326 1178 in
350 1113 634 1198 dactylo-epitritis

271 1241 277 1256 “
383 1231 443 1296 Αν.
468 1252 497 1296 v.
521 1231 585 1294 457
612 1233 652 1293 σὺ
677 1235 713 1294 δὲ
736 1229 822 1294 τοῦθ’
847 1231 935 1313 ὁρᾷς.
975 1232 1037 1308 λέγ’
1062 1235 1095 1310 ἐς
1118 1233 1225 1297 κοινόν

461 1369 496 1396 =
524 1338 589 1402 545
613 1337 737 1415 ἀγαθὴν
761 1340 845 1426 ἥκεις
869 1339 938 1415 ἐμοὶ
963 1341 1080 1416 σωτήρ.

410 1444 446 1510 Ρ.
471 1465 501 1509 v.
527 1444 590 1508 788
614 1443 751 1522 ὄρτυγας
775 1445 955 1521 οἰκογενεῖς,
979 1445 1185 1524 γυλιαύχενας
1208 1448 1368 1526 ὀρχηστάς

460 1581 496 1608 =
523 1551 589 1615 810
614 1551 766 1629 Γοργόνες
790 1552 965 1630 ὀψοφάγοι,
990 1554 1226 1630 βατιδοσκόποι,
1251 1554 1388 1631 ἅρπυιαι.

295 1666 433 1747 danique
463 1665 495 1728 in
525 1665 615 1730 initio
646 1673 702 1729 aut
732 1665 764 1728 in
795 1665 857 1730 fine
888 1665 1013 1750 periodi
1044 1667 1105 1731 hoc
1135 1675 1271 1733 metrum
1301 1669 1465 1753 singulare

295 1771 370 1857 poni
394 1773 497 1837 solere
521 1771 842 1836 animadvertendum
866 1780 924 1839 est.

401 1879 513 1944 Altera
536 1878 680 1943 trochaei
703 1879 807 1944 forma
834 1879 1005 1962 singularis
1030 1882 1184 1964 occurrit,
1217 1901 1300 1964 quae
1330 1883 1465 1948 aiteram

295 1985 399 2050 thesin
429 2005 646 2070 suppressam,
677 1987 813 2050 alteram
843 1986 928 2052 arsin
958 1987 1096 2052 solutam
1126 1987 1224 2053 habet
1249 2029 1271 2037 -
1288 2011 1306 2040 υ
1324 2013 1341 2073 ⁰.
1360 2013 1395 2074 υ,
1425 1989 1466 2054 de

296 2111 360 2174 qua
395 2091 461 2174 egit
495 2091 581 2156 idem
616 2092 653 2158 F.
682 2091 776 2176 Spiro
807 2093 828 2156 l.
853 2093 873 2158 l.
905 2100 1002 2175 atque
1037 2093 1106 2178 ipse
1142 2095 1324 2180 exemplum
1359 2095 1466 2161 attulit

295 2200 334 2265 A.
352 2221 382 2265 v.
399 2199 553 2263 280-83
578 2198 673 2275 οὗτος
697 2199 793 2275 αὐτός
817 2200 904 2262 ἐστιν
927 2199 1032 2277 οὗτος.

577 2305 670 2383 βάλλε
695 2305 789 2383 βάλλε
814 2306 907 2384 βάλλε
931 2307 1025 2384 βάλλε

576 2415 648 2476 παῖε
671 2416 744 2475 παῖε
768 2414 824 2476 τὸν
848 2413 970 2490 μιαρόν.

577 2518 615 2582 οὐ
641 2522 754 2597 βαλεῖς,
779 2519 817 2582 οῖι
842 2523 959 2597 βαλεῖς;

297 2840 433 2905 recurrit
455 2841 516 2922 Eq.
541 2862 571 2907 v.
597 2841 660 2906 618
686 2861 734 2922 sq.
760 2847 811 2925 (τ.
839 2841 882 2906 85
907 2846 969 2922 sq.)

293 2953 295 2957 ’
578 2955 777 3035 ἐργασάμεν’,
801 2955 858 3020 εἴθ’
882 2958 1026 3034 ἐπέλθοις
1050 2956 1173 3021 ἅπαντά
1197 2978 1249 3035 μοι
1274 2962 1402 3036 σαφῶς.

297 3061 333 3127 P.
343 3083 373 3126 ν.
383 3061 444 3126 351
461 3060 562 3146 sqq.¹)
580 3060 646 3126 ἀλλ’
670 3062 794 3126 ἁπαλὸν
817 3061 857 3125 ἄν
885 3060 914 3140 μ’
937 3060 1019 3139 ἴδοις
1043 3063 1092 3125 καὶ
1119 3065 1200 3126 πολὺ
1229 3064 1386 3143 νεώτερον
1410 3064 1466 3126 άπ-

631 3170 805 3245 αλλαγὲντα
829 3168 1032 3246 πραγμάτων.
1326 3176 1329 3180 ’

374 3275 413 3340 V.
438 3297 468 3341 v.
492 3276 558 3340 465
582 3261 627 3352 ὡς
651 3275 753 3357 λάθρᾳ
777 3273 804 3349 γ’
828 3273 975 3352 ἐλάμβαν’
999 3275 1138 3338 ῖιπιοῡσά
1162 3275 1240 3359 με’).

297 3391 461 3456 clausulae
499 3390 531 3454 in
570 3390 699 3455 modum
739 3395 926 3454 tetrametro
965 3388 1129 3454 trochaico
1168 3389 1371 3472 subiungitur
1407 3390 1469 3455 hoc

297 3497 473 3562 membrum
497 3539 523 3546 -
539 3522 557 3549 υ
576 3520 613 3548 νυ
658 3537 682 3546 -
700 3521 717 3548 υ
737 3537 758 3544 -
784 3496 822 3562 V.
847 3517 877 3562 v.
899 3497 965 3560 370
988 3495 1055 3560 ἀλλ’
1080 3498 1175 3572 ἔπαγε
1199 3499 1256 3575 τήν
1279 3499 1408 3572 γνάθον.
1426 3537 1468 3545 -

298 3603 423 3686 integer
456 3602 628 3670 trochaeus
661 3609 739 3667 et-
759 3627 776 3654 υ
800 3627 835 3653 w
868 3601 951 3666 inter
978 3622 1013 3667 se
1045 3602 1241 3687 respondent
1274 3602 1404 3688 saepius
1436 3603 1468 3667 in

298 3709 439 3775 carmine
462 3710 490 3773 L
515 3711 589 3794 781,
613 3708 667 3773 ubi
697 3706 832 3772 recurrit
862 3706 958 3772 etiam
990 3707 1093 3773 forma
1122 3708 1178 3774 illa
1208 3708 1351 3776 trochaei
1385 3729 1469 3791 quae

403 3910 426 3976 1)
447 3908 541 3964 Cuius
560 3907 675 3979 periodi
693 3924 720 3961 v.
742 3907 794 3960 390
813 3908 961 3978 posterior
981 3907 1068 3968 (ὥστε
1080 3909 1167 3974 τήνδε
1186 3908 1222 3974 μὴ
1239 3908 1354 3977 λαβεῖν),
1374 3925 1401 3961 v.
1415 3907 1468 3962 590

299 4000 379 4070 prior
399 4002 518 4052 tanturn
537 4012 607 4067 pars
628 3997 723 4064 (πᾶσιν
743 3995 847 4050 ὁπόσοι
864 3997 995 4062 γεωργὸν
1016 3997 1181 4064 (γεωργικὸν
1201 3997 1297 4066 οοάά.)
1318 3997 1379 4062 βίον
1399 3997 1468 4064 ἐτρί-

300 4092 396 4154 βομεν)
423 4091 531 4141 exstat.
569 4089 641 4139 ante
667 4085 747 4139 hunc
779 4100 899 4139 versum
927 4089 1135 4140 tetrametrum
1161 4085 1295 4156 Trygaei
1321 4087 1468 4141 excidisse

298 4177 460 4231 verisimile
480 4180 533 4244 est,
554 4175 641 4228 euius
660 4176 783 4228 exstant
802 4173 894 4226 etiarn
909 4174 1006 4234 ,verba
1026 4175 1098 4240 μόνη
1118 4175 1171 4240 γὰρ
1191 4176 1263 4240 ἡμᾶς
1283 4176 1411 4240 ὠφελεῖς.

406 4266 428 4335 ²)
448 4265 507 4321 Sed
534 4265 624 4318 valde
653 4267 794 4333 suspecta
823 4267 894 4318 sunt
924 4264 1026 4319 verba.
1058 4281 1085 4319 v.
1118 4265 1268 4334 strophico
1301 4263 1384 4334 (407),
1416 4265 1468 4318 ubi

213 4393 216 4398 -
299 4354 392 4408 verba
412 4369 487 4408 sana
507 4357 578 4408 sunt
598 4354 621 4421 ιβ
642 4353 743 4408 κολαζό
760 4357 765 4404 t
782 4356 880 4416 ρεσθα,
900 4352 1017 4418 κέντρον
1037 4352 1159 4407 ἐντέτατ’
1177 4353 1225 4408 ὀξὺ
1246 4354 1321 4408 haec
1338 4354 1467 4408 formula

298 4443 424 4496 metrica
443 4443 570 4496 eflicitur
588 4471 610 4481 -
630 4458 648 4485 υ
666 4472 687 4480 -
705 4458 723 4484 υ
759 4470 785 4478 -
801 4457 819 4484 υ
837 4457 855 4484 υ
873 4470 892 4478 -
912 4458 946 4509 υ,
966 4457 1056 4510 quam
1083 4442 1234 4512 explicare
1257 4458 1318 4498 non
1337 4458 1467 4512 possum,

299 4532 357 4587 nisi
376 4532 551 4588 trochaeum
571 4532 601 4586 in
621 4531 775 4601 dactylum
795 4531 949 4586 terminari
969 4535 1079 4586 statuo.
1528 4535 1531 4540 '
