3316 5406
594 545 645 600 ”3
681 509 722 574 41
770 547 814 558 .-

87 706 225 770 ambas
249 704 362 770 theses
386 723 578 788 suppressas
606 702 718 786 habet3
744 709 842 785 atque
866 722 938 766 cnm
968 701 1039 786 ipso
1069 702 1211 766 membro
1234 701 1288 766 iilo

27 857 28 862 η
89 851 113 858 -
135 837 154 862 υ
178 835 229 862 w
258 807 533 892 coniungitur‚·ut
557 807 675 873 evadat
699 807 876 873 versiculus
903 808 1075 891 singularis
1100 807 1193 873 huius
1218 827 1288 892 spe-

89 917 158 982 ciei
189 959 224 965 -
241 941 262 968 υ
283 940 321 967 w
349 956 372 964 -
386 956 421 999 -‚
447 914 501 997 qui
525 934 598 978 cum
621 913 818 980 levissimam
843 921 874 1003 et
898 915 1120 997 gravissimam
1146 914 1289 979 trochaei

87 1025 250 1089 formam
276 1022 448 1105 contineat,
472 1021 637 1106 proprium
654 1021 745 1087 ethos
761 1021 860 1086 habet
879 1022 934 1105 (cs.
952 1022 989 1086 F.
1005 1021 1100 1105 Spiro
1118 1022 1137 1087 Ι.
1154 1021 1200 1104 1.).
1231 1019 1288 1085 sed

92 1130 282 1216 stropham
307 1127 458 1194 carminis
480 1129 508 1192 L
533 1129 593 1193 781
621 1126 804 1193 exscribere
827 1127 924 1192 liceat

143 1243 264 1316 μῦθον
282 1237 433 1316 βούλομαι
451 1237 535 1302 λέξαι
550 1233 605 1299 τιν’
621 1237 701 1312 ὑμῖν,
718 1235 755 1298 ὅν
770 1234 838 1298 τοτ’
853 1233 964 1313 ἤκουσ’
980 1235 1076 1311 αὐτὸς
1089 1235 1132 1298 ἔτι
1146 1238 1221 1312 παῖς
1233 1234 1288 1298 ιύν.

143 1344 266 1420 οὓτως
288 1344 328 1421 ἠν
351 1344 520 1420 νεανίσκος
545 1342 714 1406 Μελανίων
736 1364 792 1419 τις,
823 1343 860 1419 ὃς
887 1343 1018 1422 φεύγων
1041 1342 1144 1419 γάμον
1168 1341 1288 1421 ἀφίκετ’

224 1453 259 1527 ἐς
282 1450 414 1528 ἐρημίαν
437 1449 496 1514 κάν
518 1453 585 1527 τοῖς
608 1449 718 1527 ὄρεσιν
742 1450 825 1532 ᾤκει.

147 1555 226 1640 κᾷτ’
252 1557 436 1634 ἐλαγοθήρει

149 1662 356 1740 πλεξάμενος
379 1661 476 1739 ἄρκυς

151 1771 213 1832 καὶ
238 1769 316 1832 κύνα
338 1766 394 1832 τιν’
418 1763 499 1847 εἶχεν

154 1876 284 1940 κούκέτι
308 1879 442 1954 κατῆλθε
465 1875 559 1942 πάλιν
583 1875 683 1938 οἴκαδ’
707 1876 768 1938 ὑπὸ
793 1876 916 1953 μίσους.

155 1981 248 2046 ούτω
283 1984 340 2060 τὰς
371 1987 522 2059 γυναῖκας
557 1983 726 2061 ἐβδελύχθη
760 1981 881 2058 ’κεῖνος
910 1984 998 2060 ἡμεῖς
1025 1981 1050 2043 τ’
1073 1981 1168 2044 οὐδὲν
1195 1981 1290 2059 ἧττον

225 2095 282 2153 τοῦ
306 2089 513 2168 Μελανίωνος
536 2091 566 2153 oi
590 2092 772 2171 σώφρονες.
806 2083 809 2088 ’

27 2217 28 2306 p
106 2194 219 2260 ceteri
243 2194 360 2278 integri
382 2203 455 2261 sunt
479 2195 633 2262 trochaei.

262 2327 458 2354 --U--
496 2328 632 2355 -υ--ι
670 2328 728 2354 ..υ
782 2344 807 2351 -
884 2327 960 2354 Um)

165 2409 167 2412 ¹
225 2449 288 2456 --
338 2433 474 2460 -υ--.
525 2434 1069 2462 -υυυ-υ---υυυ-υυυ
1122 2435 1261 2460 ..υ--

340 2522 454 2550 -υυυ
1122 2523 1239 2549 ..ww

27 2685 28 2708 ί

129 2721 131 2729 “
266 2737 285 2762 υ

122 3352 272 3418 trochaeo
296 3355 335 3432 ἠν
358 3355 459 3418 νεανί-
483 3355 868 3439 responderimque,
893 3356 967 3419 item
996 3356 1192 3441 respondent
1220 3380 1286 3436 -ρη-

124 3461 194 3538 μίαν
216 3459 274 3525 κάν
297 3468 329 3526 et
353 3463 529 3540 -ειργμὲνος
551 3461 609 3525 Ἐ·.
638 3460 806 3545 aptissima
836 3471 944 3527 autem
975 3462 1056 3527 haec
1080 3464 1216 3528 variatio
1240 3472 1288 3529 est

125 3565 165 3631 ad
191 3566 406 3651 lepidissimas
436 3566 624 3632 Melanionis
654 3574 686 3631 et
716 3566 860 3633 Timonis
891 3589 1013 3632 morum
1044 3569 1286 3655 descriptiones.

128 3714 161 3722 —
187 3674 360 3738 membrum
384 3673 463 3738 illud
487 3717 512 3722 —
528 3699 546 3726 υ
565 3698 602 3725 w
630 3675 852 3739 --recurrit
882 3676 942 3742 Αν.
967 3698 996 3742 ν.
1022 3678 1087 3741 254
1114 3684 1187 3761 post
1211 3676 1287 3740 dae-

127 3781 204 3864 tylos
227 3781 285 3844 οίω
299 3785 305 3843 Ι
319 3786 385 3845 νῶν
408 3783 632 3860 ταναοδείρων.

225 3905 372 3988 Denique
396 3905 782 3976 animadvertendumcst
802 3905 896 3970 huius
912 3906 1041 3970 fabulae
1059 3906 1286 3992 (Lysistratae)

129 4009 279 4076 trochaeis
302 4011 451 4076 liberiore
475 4012 571 4076 modo
596 4011 782 4097 compositis
808 4054 848 4062 -
873 4034 947 4078 nam
977 4013 1019 4077 ad
1051 4013 1186 4078 creticos
1216 4034 1287 4098 pro-

129 4115 193 4200 pius
224 4117 383 4182 accedunt
406 4159 449 4166 -
473 4118 515 4182 ad
539 4117 662 4202 priores
686 4119 814 4184 fabulas
843 4140 900 4183 nos
930 4120 1085 4202 revocari,
1117 4119 1148 4182 in
1173 4118 1287 4200 quibus
1336 4161 1338 4166 -

131 4221 229 4286 cretici
268 4223 516 4306 frequentissimi
555 4230 637 4289 sunt.
700 4225 823 4308 prima.
841 4225 999 4290 liberioris
1037 4226 1121 4290 illius
1155 4226 1287 4291 rationis

32 4349 33 4354 ¹
132 4330 268 4416 exempla
292 4338 364 4396 sunt
388 4331 416 4394 Α
440 4332 506 4396 280
529 4331 579 4412 Eq
600 4331 675 4413 616,
701 4350 784 4412 quae
808 4351 907 4417 supra
924 4333 1026 4398 attuli.
1066 4332 1286 4397 necomitten-

32 4467 33 4510 γ
133 4435 197 4500 dum
226 4443 274 4502 est
303 4435 336 4500 in
359 4436 620 4502 Achamensibus
654 4435 796 4501 carmina
827 4436 931 4521 lyrica
961 4438 1127 4504 trochaica
1159 4437 1287 4502 omnino

133 4563 186 4608 non
206 4543 350 4628 reperiri,
374 4545 399 4612 ai
425 4543 544 4612 omittis
568 4566 597 4611 v.
622 4543 787 4610 usu-83.
