3316 5406
828 554 872 564 .-
917 507 1049 578 46.-

354 709 535 775 oationibus
573 708 756 793 aptissimos
796 729 867 775 esse
905 729 946 774 ex
989 709 1039 776 his
1077 709 1156 775 locis
1194 708 1290 774 facile
1328 708 1526 792 intellegitur

353 815 391 882 L.
416 837 445 883 ν.
473 816 557 882 1286
581 815 684 899 sqq.¹)
708 817 758 882 Av
784 816 879 900 1750,
910 815 965 881 ubi
995 801 1027 880 in
1051 815 1194 880 carmine
1222 815 1358 900 nuptiali
1381 815 1468 880 Iovis
1493 821 1526 880 ct

353 922 484 987 Iunonis
504 921 687 1005 coniugium
707 921 872 1005 laudatur3
895 922 969 1006 737,
992 921 1046 986 ubi
1066 921 1158 987 Musa
1182 923 1317 1002 λοχμαία
1339 923 1526 1005 invocatur3

353 1027 478 1092 Musam
501 1027 598 1093 etiam
623 1027 906 1112 dactylo-epitritis
929 1046 1006 1094 usus
1029 1027 1159 1092 invocat
1182 1033 1280 1112 poeta
1307 1027 1336 1092 R
1360 1027 1425 1093 675
1449 1028 1526 1094 875.

460 1152 592 1236 Dactyli
616 1151 668 1217 vel
696 1151 963 1236 dactylo-epitriti
991 1151 1023 1216 in
1046 1151 1074 1216 L
1098 1151 1196 1218 semel
1227 1173 1258 1220 v.
1284 1152 1369 1217 1283
1399 1171 1469 1234 sqq.
1494 1151 1526 1214 in

354 1261 382 1322 A
406 1256 532 1323 omnino
568 1278 631 1323 non
661 1257 874 1342 inveniuntur,
906 1264 940 1322 ut
970 1278 1011 1323 cx
1041 1257 1103 1323 hac
1136 1278 1263 1340 quoque
1294 1278 1329 1323 rc
1360 1257 1528 1340 antiquum

353 1370 469 1449 poetae
493 1363 600 1429 stilum
625 1383 813 1446 cognoscas.
838 1363 975 1448 primum
1006 1369 1037 1428 et
1061 1372 1156 1429 caute
1179 1362 1309 1446 quidem
1336 1364 1369 1428 in
1395 1363 1446 1445 Eq
1469 1363 1528 1428 ad-

354 1471 502 1536 hibentur
522 1471 606 1536 1263
624 1501 661 1530 =
677 1472 721 1536 90
736 1473 764 1534 τί
782 1474 910 1536 κάλλιον
928 1471 1151 1551 ἀρχομένοισιν
1172 1473 1191 1550 ἢ
1208 1473 1527 1550 καταπαυομένοισιν,

354 1576 409 1641 ubi
433 1575 593 1642 Pindarus
621 1576 824 1662 exprimitur3
854 1576 912 1643 sed
936 1578 1073 1644 fortasse
1095 1577 1155 1642 hoc
1177 1578 1359 1662 exemplum
1387 1576 1529 1642 nondum

354 1681 532 1764 legitimum
548 1690 652 1768 putes,
670 1683 746 1766 quia
761 1685 793 1748 in
809 1683 963 1769 parabasi
979 1683 1172 1750 secundaria
1187 1685 1327 1768 positum
1343 1691 1375 1750 et
1390 1682 1529 1768 parodia

355 1788 533 1858 certissima
556 1797 614 1856 est.
639 1789 725 1854 omni
741 1811 817 1856 vero
835 1789 1036 1857 dubitatione
1052 1790 1226 1856 liberamur
1242 1791 1390 1876 proxima
1405 1789 1528 1874 fabula,

358 1896 399 1978 N,
423 1894 479 1961 ubi
503 1894 552 1961 bis
575 1895 640 1960 iam
664 1902 836 1962 occurrunt
860 1898 946 1963 etin
969 1896 1094 1982 parodo
1118 1903 1150 1962 et
1173 1897 1249 1964 461.
1297 1896 1415 1964 deinde
1439 1896 1467 1961 V
1495 1896 1529 1962 in

357 2002 462 2069 exodo
501 2003 713 2087 reperiuntur.
764 2003 932 2089 paullatim
971 2004 1069 2086 igitur
1107 2004 1166 2070 hos
1198 2024 1347 2072 numeros
1380 2026 1400 2070 a
1431 2011 1530 2090 poeta

357 2116 539 2193 assumptos
556 2129 627 2176 esse
644 2118 792 2195 apparet,
810 2116 842 2176 et
857 2131 933 2175 mox
949 2111 996 2176 ita
1010 2110 1247 2195 increbuerunt,
1264 2118 1299 2176 ut
1315 2110 1530 2177 recentiorum

356 2216 538 2282 tabularum
558 2215 591 2281 in
612 2216 717 2304 ipsum
738 2237 874 2300 agonem
882 2217 906 2301 ¹)
928 2217 994 2282 iam
1012 2217 1188 2284 invaserint
1207 2218 1248 2302 (Ε
1270 2218 1359 2302 571).
1383 2218 1530 2301 frequen·

357 2322 479 2388 tissime
509 2321 713 2410 inveniuntur
736 2323 768 2387 in
791 2324 831 2407 R,
863 2343 927 2406 qua
956 2322 989 2389 in
1012 2323 1123 2389 fabula
1153 2322 1309 2408 perediae
1339 2323 1531 2390 latissimum

358 2429 498 2516 spatium
523 2427 634 2502 datum
658 2435 723 2513 est3
749 2436 798 2493 ter
822 2429 905 2494 enim
930 2436 1119 2496 occurrunt:
1149 2429 1225 2514 814,
1250 2430 1304 2495 ubi
1334 2430 1475 2496 carmine
1499 2432 1531 2496 ἐξ

359 2536 479 2614 ὁμοίων
491 2534 707 2618 includuntur,
721 2556 795 2601 nam
806 2537 826 2602 6
839 2537 859 2600 6
872 2536 892 2600 5
905 2535 1030 2620 dactyli
1043 2535 1212 2602 subiuncta
1222 2537 1368 2602 clausula
1381 2536 1530 2620 (dimetro

359 2640 523 2708 trochaico
541 2640 746 2724 catalectico)
771 2649 885 2723 quater
909 2648 1112 2727 repetuntur;
1138 2643 1203 2708 675
1219 2643 1251 2706 in
1265 2642 1390 2727 parodo
1407 2649 1439 2708 et
1455 2645 1531 2726 875,

360 2754 533 2829 antequam
543 2754 719 2813 -ccrtamen
744 2745 850 2830 initur,
868 2768 930 2830 quo
948 2755 1083 2831 utroque
1107 2750 1178 2814 loco
1194 2749 1308 2815 Musae
1332 2750 1531 2817 invocantur.

361 2851 476 2936 quodsi
508 2852 541 2916 in
573 2854 601 2917 Τ
635 2851 759 2937 dactyli
797 2861 853 2920 aut
885 2854 1153 2940 dactylo-epitriti
1185 2876 1248 2922 non
1280 2861 1421 2940 exstant,
1454 2875 1533 2922 casu

360 2959 481 3024 factum
506 2979 577 3024 esse
601 2965 717 3044 potest.
1109 2964 1113 2971 ’

468 3085 574 3169 Saepe
598 3104 711 3151 versus
735 3085 918 3170 dactylicus
941 3087 974 3150 in
998 3086 1161 3170 creticum,
1193 3093 1228 3151 ut
1260 3087 1307 3152 ita
1336 3086 1441 3152 dicam
1470 3094 1532 3153 ter-

361 3189 509 3272 minatur,
541 3196 577 3254 ut
606 3189 747 3256 aeolicus
777 3210 890 3256 versus
921 3190 1087 3276 efficiatur,
1113 3190 1167 3274 qui
1192 3190 1309 3282 clarius
1334 3193 1440 3258 clucet
1472 3193 1533 3258 Αν.

361 3318 392 3364 ν.
411 3296 474 3361 749
491 3315 539 3377 sq.
564 3300 615 3379 (=
636 3297 697 3362 781
720 3300 782 3378 sq.)
807 3296 963 3376 Φρύνιχος
983 3294 1168 3377 ἀμβροσίων
1192 3299 1312 3376 μελέων
1337 3299 1533 3378 ἀπεβόσκετο

362 3404 484 3480 καρπὸν
516 3402 563 3465 ἀεὶ
594 3403 704 3481 φέρων
734 3405 879 3478 γλυκεῖαν
903 3405 1001 3487 ᾠδάν.
1047 3404 1108 3470 Αν.
1136 3425 1167 3471 v.
1194 3404 1279 3470 1755
1303 3425 1350 3487 sq.
1381 3404 1534 3489 periodus

364 3507 528 3592 dactylica
557 3507 591 3571 in
619 3507 724 3592 ipsum
756 3508 1000 3592 pherecrateum
1031 3509 1158 3594 desinit,
1183 3511 1237 3592 qui
1267 3510 1434 3576 clausulae
1464 3511 1534 3576 vice

363 3614 521 3697 fungitur:
547 3616 597 3678 καὶ
620 3617 782 3694 πάρεδρον
807 3616 976 3680 Βασίλειαν
999 3617 1060 3694 ἔχει
1085 3617 1174 3694 Διός,
1561 3607 1563 3614 ’

620 3721 720 3799 Ὑμήν
743 3722 769 3785 ὦ
793 3722 931 3800 Ὑμέναι’
956 3721 1023 3806 ὦθ)

472 3935 681 4006 blmffi

471 4024 495 4090 a)
516 4024 593 4079 Nam
621 4025 652 4077 in
681 4026 813 4078 carmine
836 4023 942 4093 Ν457,
970 4026 1052 4095 quod
1080 4041 1097 4080 e
1125 4027 1243 4082 duobus
1271 4028 1383 4082 veteris
1412 4029 1536 4083 fabulae

366 4114 549 4168 camninibus
576 4115 736 4167 confusum
763 4129 829 4168 esse
854 4129 942 4168 nemo
968 4131 1029 4168 non
1055 4115 1146 4184 videt,
1173 4118 1308 4172 trochaei
1332 4121 1459 4186 tantum,
1484 4120 1537 4187 qui

367 4203 628 4272 dactylo-epitritis
648 4203 843 4271 antecedunt,
863 4203 951 4257 odam
969 4205 1160 4274 exprimunt:

509 4294 583 4358 λῆμα
603 4293 653 4356 μέν
671 4292 789 4357 πάρεστι
807 4292 883 4362 τῷδέ
901 4291 926 4357 γ’
945 4293 998 4345 οὐκ
1018 4295 1142 4359 ἄτολμον
1161 4293 1219 4347 ἀλλ’
1239 4296 1359 4360 ἕτοιμον.
1388 4318 1390 4326 ,

474 4380 497 4447 3)
519 4378 575 4443 Qui
595 4395 702 4434 versus
722 4381 889 4437 servandus
910 4386 964 4436 est.
1001 4383 1083 4436 haud
1097 4384 1175 4436 enim
1192 4385 1294 4453 inepto
1313 4385 1439 4438 laudato
1458 4385 1537 4440 Iovis

368 4473 398 4521 et
418 4469 541 4524 Iunonis
560 4470 703 4540 coniugio
723 4470 908 4538 nuptiarum,
921 4473 1044 4545 propter
1056 4485 1132 4540 quas
1151 4471 1226 4529 haec
1246 4474 1346 4526 omnia
1366 4476 1537 4541 cantantur,

367 4558 511 4612 memoria
530 4559 658 4627 repetito
677 4557 727 4612 illo
747 4558 978 4627 epiphonemate
998 4563 1171 4614 renovatur.
1365 4543 1370 4552 ⁵
