3316 5406
799 535 1021 604 ...36-

326 730 379 796 ubi
404 731 577 816 quodiam
601 732 633 797 in
658 752 695 797 eo
720 738 838 818 estut
861 732 938 798 Olec
962 733 1004 798 ab
1028 732 1220 816 Agoracrito
1244 731 1399 818 perfidiae
1425 753 1539 798 con-

324 837 428 904 vietus
451 838 546 905 domo
570 838 714 924 eiciatur,
739 839 863 922 equites
886 839 1040 923 gaudent.
1066 879 1107 890 —
1132 839 1244 906 brevia
1267 840 1534 926 acephalorum

325 943 468 1009 membra
491 965 555 1008 una
579 964 651 1010 oum
675 945 832 1010 varietate
855 945 1086 1029 glyconeorum
1110 945 1164 1028 qui
1188 945 1317 1030 proprie
1348 945 1534 1011 dicuntur

325 1052 466 1135 perbene
501 1051 544 1116 ad
579 1051 827 1136 trepidationem
863 1051 1128 1134 conquerentium
1166 1059 1245 1138 apta
1280 1058 1368 1137 sunt,
1408 1054 1528 1118 velut

325 1157 354 1220 V
377 1157 453 1238 317,
477 1156 532 1223 ubi
555 1155 718 1220 Philoclec
738 1177 758 1220 a
781 1155 845 1222 filio
870 1155 955 1222 domi
980 1163 1122 1222 retentus
1146 1155 1266 1223 frustra
1287 1157 1376 1223 exire
1398 1158 1526 1244 cupit.

324 1263 420 1326 etiarn
444 1261 585 1327 liberiori
609 1261 751 1327 laetitiae
776 1262 1002 1348 depingendae
1027 1263 1146 1348 optime
1170 1262 1348 1328 inserviunt
1371 1263 1403 1328 in
1428 1283 1522 1329 oar-

323 1368 461 1433 minibus
496 1367 693 1453 nuptialibus
716 1369 767 1433 Αν
798 1370 880 1434 1731
908 1369 933 1434 P
959 1369 1060 1453 1329;
1093 1389 1195 1452 eaque
1217 1369 1298 1454 ¹ipsa
1329 1368 1369 1435 de
1397 1389 1522 1437 causa

323 1474 476 1559 nymphio
501 1493 628 1556 quoque
651 1474 815 1540 laudando
839 1475 921 1540 benc
947 1476 1139 1542 conveniunt
1160 1477 1268 1544 Ρ856
1286 1485 1318 1543 et
1340 1478 1517 1544 lusciniae

323 1580 515 1646 salutandae
538 1581 589 1644 Αν
611 1581 686 1666 676,
712 1581 798 1662 quod
822 1602 951 1647 carmen
981 1583 1179 1668 nuptialibus
1209 1583 1273 1649 illis
1302 1584 1513 1650 simillimum

324 1695 382 1752 est.
412 1727 444 1736 -
474 1688 651 1771 glyconeus
670 1687 999 1774 polyschematistus,
1031 1708 1103 1754 cum
1126 1690 1197 1755 basi
1229 1698 1344 1768 careat
1370 1698 1402 1756 et
1434 1698 1513 1756 tro-

323 1793 433 1858 chaeis
457 1793 607 1879 dactylus
631 1815 694 1858 non
717 1795 906 1881 intercedat,
932 1817 952 1861 a
968 1797 1125 1863 varietate
1142 1805 1175 1862 et
1189 1798 1368 1864 mobilitate
1384 1819 1509 1865 versus

323 1899 472 1983 glyconei
496 1900 550 1982 qui
580 1903 708 1985 proprie
740 1902 857 1967 dicitur
887 1903 1039 1969 abhorret
1070 1903 1277 1988 severiusque
1309 1913 1341 1970 et
1364 1908 1507 1988 gravius

323 2013 417 2072 sonat
434 2007 528 2090 (inter
549 2006 699 2092 dactylos
722 2008 862 2074 occurrit
886 2010 1095 2076 catalecticus
1111 2011 1152 2079 N.
1170 2033 1199 2079 ν.
1217 2014 1283 2078 286
1300 2015 1506 2093 μαρμαρέαις

323 2115 356 2179 ἐν
377 2114 489 2191 αὐγαῖς
508 2145 544 2174 .-.
563 2115 629 2179 310
644 2121 864 2195 παντοδαπαῖς
885 2118 918 2182 έν
941 2119 1056 2197 ὥραις;
1080 2117 1166 2183 idem
1190 2126 1238 2184 ter
1263 2119 1355 2184 iuxta
1370 2120 1502 2205 positus

322 2221 358 2285 P.
375 2242 406 2286 ν.
424 2221 577 2287 784-86
594 2221 664 2300 μήθ’
680 2224 820 2288 ὑπάκουε
837 2223 904 2308 μήτ’
928 2226 962 2289 έλ
973 2229 979 2287 l
992 2230 1051 2309 θῃς
1075 2227 1238 2305 ξυνέριθος
1255 2231 1373 2305 αὐτοῖς,
1391 2233 1397 2291 l
1416 2227 1501 2292 ἀλλὰ

320 2327 427 2404 νόμιζε
450 2328 571 2405 πάντας
589 2333 594 2390 Ι
613 2327 750 2408 ὄρτυγας
773 2330 945 2409 οἰκογενεῖς
970 2336 1032 2396 κτλ.
1053 2363 1094 2388 =
1120 2332 1293 2417 806--8).’
1322 2333 1433 2415 itaque
1464 2334 1499 2398 in

320 2433 576 2499 invocationibus
599 2433 687 2499 haud
710 2436 819 2521 inepte
847 2442 988 2521 apoeta
1015 2436 1201 2520 adhibetur,
1233 2439 1321 2504 velut
1348 2439 1398 2522 Eq
1430 2441 1493 2505 551

317 2539 397 2602 ἵππι’
420 2538 499 2606 ἄναξ
521 2540 685 2605 Πόσειδον
709 2543 735 2624 ᾧ
759 2546 821 2606 κτλ.
836 2541 875 2610 ιΝ
892 2543 957 2608 563
982 2545 1179 2623 ὑψιμέδοντα
1199 2547 1254 2621 μὲν
1279 2549 1363 2611 θειῖιν
1380 2551 1386 2608 l
1404 2546 1496 2625 Ζῆνα

323 2650 386 2710 κτλ.
432 2647 459 2710 Τ
487 2647 571 2711 1136
593 2647 749 2711 Παλλάδα
772 2651 830 2728 τήν
854 2650 1028 2729 φιλόχορον
1060 2651 1128 2727 ἐμοί
1153 2655 1225 2725 κτλ,
1257 2650 1312 2733 qui
1343 2652 1495 2736 glyconei

323 2751 615 2837 polyscbematisti,
651 2773 723 2818 curn
758 2753 908 2839 dactylus
947 2755 1093 2821 omnibus
1132 2757 1211 2822 locis
1245 2757 1406 2824 admissus
1443 2760 1493 2844 sit,

324 2857 468 2941 proxime
485 2858 529 2923 ad
547 2879 649 2942 genus
665 2858 861 2944 dactylicum
878 2861 1047 2947 accedunt,
1064 2863 1110 2927 ita
1131 2871 1166 2929 ut
1184 2864 1337 2928 nonnulla
1351 2867 1494 2932 membra

323 2966 463 3049 speciem
498 2965 615 3049 integri
650 2986 762 3032 versus
797 2967 950 3053 dactylici
986 2969 1174 3054 praebeant.
1222 2979 1319 3052 alque
1357 2979 1493 3055 augetur

322 3071 467 3155 gravitas
490 3073 643 3138 immixtis
667 3075 756 3158 puris
779 3075 1128 3162 versibusdactylicis.

794 3274 835 3338 lle
860 3273 1016 3339 dochmiis.

429 3391 549 3456 lambis
584 3392 696 3458 affines
736 3393 832 3457 etiarn
870 3401 945 3459 sunt
983 3393 1133 3481 dochmii,
1174 3417 1308 3480 quorum
1342 3399 1489 3466 ‘radicem

323 3498 478 3562 aeolicam
502 3498 581 3564 essc'
604 3497 677 3565 Wil.
699 3499 906 3577 contendit¹l.
947 3521 1020 3566 cum
1043 3502 1159 3567 iambis
1183 3503 1329 3587 exceptis
1352 3504 1391 3568 iis
1414 3505 1489 3569 locis

323 3626 403 3688 quos
419 3627 474 3690 pg.
490 3607 530 3669 21
550 3626 597 3687 sq.
615 3606 718 3691 attuli,
736 3608 970 3689 coniunguntur
987 3608 1103 3692 Areo,
1121 3608 1174 3673 ubi
1192 3610 1337 3691 quaterni
1355 3609 1489 3699 dochmii

323 3712 559 3796 amplectuntur
582 3715 603 3776 2
628 3712 788 3779 trimetros
812 3713 977 3799 iambicos,
1438 3719 1441 3726 '

557 3839 585 3901 τί
610 3838 758 3915 δράσεις;
782 3839 810 3901 τί
834 3840 967 3917 φήσεις;
993 3837 1058 3903 ἀλλ’
1082 3839 1148 3902 ἴσθι
1172 3860 1229 3904 νυν

560 3944 771 4025 ἀναίσχυντος
795 3947 840 4009 ὢν
864 3949 1019 4024 σιδηροῦς
1041 3943 1066 4010 τ’
1091 3947 1181 4025 ἀνήρ,

558 4051 649 4129 ὅστις
671 4055 848 4132 παρασχὼν
870 4059 907 4136 τῇ
931 4053 1020 4116 πόλει
1044 4055 1100 4136 τὸν
1124 4055 1240 4132 αὐχένα

560 4157 660 4221 ἅπασι
685 4160 806 4236 μέλλεις
829 4157 875 4236 εἷς
898 4159 999 4234 λέγειν
1022 4158 1181 4223 τάναντία.

559 4264 638 4343 ἁνήρ
663 4271 701 4329 οὐ
725 4267 829 4344 τρέμει
852 4266 888 4329 τὸ
912 4265 1036 4343 πρᾶγμ’.
1061 4261 1111 4329 εἶά
1134 4285 1200 4340 νυν,

421 4434 424 4438 .
559 4373 727 4451 ἐπειδήπερ
751 4373 847 4449 αὐτὸς
871 4371 959 4451 αἱρεῖ,
984 4375 1064 4449 λέγε.

430 4584 453 4652 1)
473 4583 585 4639 Comm.
604 4590 689 4641 metr.
710 4585 738 4640 II
757 4604 808 4658 pg.
828 4585 871 4640 29.
