3316 5406
810 557 1032 626 -34..

378 761 533 826 Παλλάδα
557 763 614 838 τήν
637 759 813 838 φιλόχορον
835 758 903 836 ἐμοὶ

423 868 520 945 δεῦρο
543 867 649 929 καλεῖν
670 864 771 942 νόμος
794 863 828 942 ἐς
845 863 944 942 χορόν

421 973 583 1052 παρθένον
606 970 705 1047 ἄζυγα
728 970 856 1050 κούρην,

370 1077 412 1141 Ἣ
436 1079 529 1142 πόλιν
552 1078 707 1157 ἡμετέραν
730 1077 791 1156 ἔχει

422 1188 472 1251 καὶ
496 1186 613 1266 κράτος
636 1186 780 1266 φανερὸν
803 1183 883 1263 μόνη
929 1228 932 1235 -

421 1291 598 1376 κλῃδοῦχός
620 1311 654 1356 τε
677 1293 824 1355 καλεῖται.

827 1430 1011 1498 4bacchii.

377 1549 490 1629 Δῆμός
514 1549 563 1613 τοί
586 1564 625 1612 σε
648 1551 736 1613 καλεῖ
757 1567 864 1623 γυναι-

422 1660 495 1720 κῶν·
521 1656 640 1735 ἔχουσα
665 1655 700 1720 δέ
724 1675 776 1732 μοι
800 1653 911 1732 μόλοις

422 1763 549 1842 εἰρήνην
573 1762 755 1842 φιλέορτον.
836 1797 839 1807 =

373 1867 475 1934 υΗκετ’
499 1867 657 1950 εὔφρονες
677 1868 762 1934 ἵλαοι

420 1977 544 2042 πότνιαι
569 1975 670 2054 ἄλσος
694 1975 728 2054 ἐς
750 1975 912 2055 ὑμέτερον,

422 2083 460 2147 οὗ
477 2086 516 2162 δή
534 2082 691 2162 ἀνδράσιν
708 2081 746 2146 οὐ
763 2083 852 2162 θέμις
867 2082 1001 2161 εἰσορᾶν
1077 2123 1103 2132 -
1175 2104 1193 2134 υ

422 2190 514 2270 ὄργια
537 2190 641 2268 σεμνὰ
665 2192 752 2254 θεοῖν
775 2192 839 2254 κτλ.
949 2190 967 2254 Ἱ
993 2187 1128 2274 dactyli.

378 2297 524 2362 Μόλετον
547 2297 675 2361 ἔλθετον
699 2294 894 2374 ἀντόμεθίθ
1077 2320 1113 2347 w
1137 2319 1156 2350 ν
1187 2333 1213 2345 -
1228 2319 1247 2347 υ
1264 2320 1283 2348 ν
1325 2334 1348 2344 -
1365 2319 1384 2347 υ
1401 2317 1419 2346 υ
1435 2333 1461 2342 -

421 2403 628 2483 θεσμοφόρια
651 2404 857 2478 πολυποτνία,

421 2509 448 2574 εἰ
471 2511 522 2574 καὶ
545 2509 702 2589 πρότερόν
725 2508 794 2574 ποτ’
819 2509 946 2588 ἐπηκόω
1077 2549 1141 2558 -—

334 2661 336 2666 -
421 2617 532 2696 ἤλθετε
556 2601 619 2680 κτλ.
951 2614 1129 2702 udaetyli.
1199 2667 1201 2672 .

311 2750 479 2838 *omnibus
503 2749 601 2833 igitur
627 2749 660 2813 in
685 2749 745 2814 hoc
768 2749 898 2833 quidem
930 2749 1071 2815 carmine
1101 2768 1213 2815 versus
1244 2749 1395 2834 glyconei
1424 2748 1506 2814 lucis

333 2857 484 2942 dactylus
506 2856 677 2921 invenitur.
723 2856 941 2923 memorabilis
965 2865 1015 2924 est
1041 2857 1240 2944 paenultima
1270 2858 1370 2941 longa
1398 2856 1507 2923 soluta

333 2985 364 3030 v,
390 2965 485 3048 1136,
510 2969 542 3028 ct
565 2983 629 3028 una
652 2962 708 3028 illa
730 2964 839 3049 longa,
864 2983 948 3047 quae
971 2963 1135 3031 antecedit
1162 2964 1244 3048 basi,
1268 2986 1298 3032 v.
1325 2965 1370 3030 50
1392 2970 1425 3029 et
1446 2963 1505 3047 583

332 3093 407 3138 nam
432 3075 470 3152 δὴ
495 3073 652 3151 ἀνδράσιν
668 3091 726 3157 per
750 3074 857 3138 crasiu
881 3073 1054 3158 legendum
1078 3080 1138 3140 est.
1178 3072 1380 3137 continentur
1397 3075 1506 3135 autem

333 3178 556 3264 prioreparte
579 3178 610 3264 3,
641 3179 819 3263 posteriore
843 3186 936 3265 parte
960 3181 981 3246 2
1011 3179 1164 3266 strophae
1195 3178 1314 3245 similes
1344 3177 1429 3242 inter
1445 3196 1506 3260 -sc,

87 3271 91 3283 ’
221 3377 224 3384 Ι
333 3291 368 3349 ut
392 3303 520 3348 carmen
544 3285 576 3350 ἐξ
600 3284 722 3363 ὁμοίων
745 3285 903 3350 efficiatur
932 3285 1024 3368 quasi
1048 3283 1248 3370 geminatum
1279 3283 1333 3368 (cl.
1357 3302 1412 3369 pg.
1437 3283 1506 3366 30).

439 3409 476 3473 In
500 3409 683 3474 universum
716 3417 824 3475 autem
848 3409 1019 3476 dicendum
1051 3417 1100 3476 est
1133 3429 1277 3475 summac
1307 3407 1508 3493 simplicitati

332 3516 365 3581 in
403 3515 571 3600 glyccncis
588 3515 782 3600 ¹formandis
819 3516 1068 3602 Aristophanem
1106 3516 1267 3583 studuisse
1305 3515 1346 3600 (si
1386 3513 1507 3580 omittis

332 3642 431 3688 unum
455 3641 583 3687 carmen
608 3623 635 3686 Τ
662 3623 777 3708 1136),
809 3629 841 3687 et
869 3622 932 3688 hac
963 3642 1090 3705 quoquc
1119 3642 1154 3687 rc
1184 3620 1281 3687 valde
1313 3642 1333 3686 a
1363 3621 1506 3705 tragicis,

333 3729 388 3812 qui
417 3728 524 3815 primo
560 3729 710 3814 glyconci
745 3730 817 3795 Ιοσα
853 3729 949 3795 ctiam
984 3730 1125 3794 iambum
1161 3736 1193 3794 ct
1228 3735 1440 3814 anapaestum
1475 3733 1507 3792 et

333 3835 555 3921 pyrrhichium
578 3831 785 3922 admiserunt,
811 3836 928 3902 differt.

440 3961 738 4028 Animadvertenda
754 3969 803 4028 cst
826 3961 996 4046 affinitas¹)
1020 3961 1103 4027 inter
1127 3927 1303 4046 glyconeos
1327 3965 1360 4025 ct
1381 3959 1507 4025 iambos

335 4066 577 4153 (choriambos),
593 4067 640 4132 ita
663 4074 697 4133 ut
721 4067 748 4134 si
771 4089 834 4134 non
857 4089 920 4132 unc
936 4075 1113 4153 systemate
1136 4068 1224 4134 velut
1247 4067 1288 4135 N.
1305 4089 1335 4133 ν.
1353 4065 1507 4132 566-68

335 4181 387 4260 (2
406 4173 596 4258 ese-eoo)

441 4336 464 4400 1)
484 4334 577 4390 Cuius
604 4351 728 4390 carrsam
754 4338 900 4392 indicavit
919 4337 986 4392 Wil.
1012 4353 1117 4392 comm.
1143 4339 1229 4392 metu.
1252 4335 1280 4390 ΙΙ
1302 4335 1507 4406 compluribus

334 4426 418 4495 locis,
436 4425 570 4479 nondum
589 4441 661 4479 vero
681 4426 853 4497 explicavit.
873 4428 1024 4482 anaclasis
1043 4427 1135 4480 iambi
1148 4424 1312 4479 statuenda
1324 4429 1379 4492 cst,
1392 4439 1453 4492 qua
1467 4439 1506 4476 ex

334 4513 360 4554 Ξ
372 4528 646 4556 -------
679 4513 866 4568 efficiebatur
895 4514 997 4556 Ξ--
1014 4531 1033 4558 υ
1050 4531 1069 4558 υ
1107 4530 1167 4557 -υ
1185 4541 1217 4568 -.
1271 4512 1323 4568 sed
1354 4528 1415 4566 non
1444 4513 1506 4566 iam

334 4606 495 4656 senserunt
514 4603 571 4656 hoc
588 4606 706 4673 poetae,
726 4603 779 4671 qui
800 4602 926 4657 traditas
945 4605 1058 4657 formas
1072 4604 1239 4673 exprimere
1257 4603 1331 4656 satis
1344 4601 1509 4658 habebant.
