3316 5406
808 525 1028 592 ...24...

334 723 372 790 Ε.
390 745 420 790 ν.
437 724 502 788 915
518 743 600 806 sqq.,
619 723 673 788 ubi
690 722 886 788 antecedunt
904 723 922 787 7
939 720 1086 804 iambi¹):
1108 721 1174 786 ἀλλ’
1195 722 1222 784 ὠ
1239 719 1302 800 μαῖ’
1320 720 1514 799 ἱκετεύομαι,

335 831 421 896 κάλει
444 831 501 895 τὸν
525 829 736 909 Ὀρθαγόραν,
765 829 875 906 όπωςΙ
894 834 1016 908 σαυτῆς
1040 829 1079 893 ἀν
1106 827 1254 904 κατόναι’,
1280 829 1435 907 ἀντιβολῶ
1456 845 1515 892 σε.

334 961 764 990 -----------
795 939 1156 998 ..υυ-υ-Ι--υ
1188 959 1325 988 uu--
1357 946 1514 1000 υυ-Ξ,

335 1046 417 1110 alter
440 1063 553 1110 versus
576 1044 712 1110 recurrit
725 1044 786 1126 Eq.
805 1065 836 1110 v.
853 1043 918 1108 559
934 1063 981 1125 sq.
1000 1041 1085 1121 δεῦρ’
1101 1041 1165 1107 ἔλθ’
1181 1043 1215 1121 ές
1233 1044 1331 1122 χορόν
1347 1043 1374 1106 rb
1389 1058 1513 1122 χρυσο-

334 1151 444 1232 τρίαιν’
475 1151 517 1216 ul
542 1151 702 1230 δελφίνων
733 1152 856 1228 μεδέων
885 1149 1079 1228 Σουνιάρατε
1112 1179 1149 1208 .-.-.
1176 1150 1218 1215 89
1243 1166 1292 1232 sq,
1322 1149 1405 1215 inter
1434 1148 1510 1232 gly-

335 1279 463 1326 coneos.
480 1257 687 1325 memorabile
704 1267 753 1326 est
768 1258 944 1324 membrum
958 1257 1038 1322 illud
1050 1282 1261 1310 ------
1264 1308 1271 1324 .
1296 1275 1408 1322 versus
1424 1255 1509 1321 eius-

336 1366 409 1432 dem
424 1364 544 1451 speciei
560 1371 659 1448 atque
674 1367 712 1432 ll.
728 1389 759 1433 v.
770 1367 836 1431 915
852 1371 982 1432 exstant
996 1365 1034 1433 Ε.
1052 1388 1082 1432 ν.
1098 1366 1163 1430 938
1180 1385 1228 1447 sq.
1252 1363 1310 1429 εἴθ’
1331 1365 1404 1442 ἐξῆν
1419 1365 1509 1441 παρὰ

334 1481 371 1557 τῆ
396 1475 453 1556 νέᾳ
476 1474 660 1538 καθεύδεινΙ
676 1474 727 1537 καὶ
751 1476 792 1552 μή
816 1473 872 1537 ’δει
895 1472 1052 1552 πρότερον
1077 1476 1295 1550 διασποδῆσαι
1314 1501 1351 1530 -..-.
1370 1471 1435 1534 942
1457 1490 1507 1552 sq.

337 1585 513 1663 sequuntur
535 1583 556 1644 2
581 1579 679 1646 iambi
704 1580 863 1657 ἀνάσιμον
886 1581 905 1658 ἢ
928 1581 1147 1658 πρεσβυτέραν
1172 1585 1204 1644 et
1227 1578 1404 1643 membrum
1428 1576 1508 1641 illud

335 1727 361 1736 -
377 1711 547 1739 υυυυυ
579 1685 778 1770 gemina-tum
811 1687 849 1750 ού
879 1687 941 1764 γὰρ
971 1685 1148 1765 ἀνασχετὸν
1171 1684 1265 1750 τοῦτό
1289 1683 1317 1761 γ’
1340 1685 1507 1766 ἐλευθέρῳ.

337 1795 501 1860 -iambi
528 1793 755 1876 antecedunt’)
788 1801 821 1858 et
849 1799 1027 1876 sequuntur
1058 1791 1181 1858 ionicus
1211 1792 1239 1856 E
1262 1793 1338 1858 952.
1384 1789 1508 1856 ionicos

336 1903 520 1968 exscribam
543 1899 781 1984 emendatos⁸):

336 2030 368 2075 v.
381 2009 447 2074 954
461 2008 544 2072 πάνυ
555 2007 617 2087 γάρ
630 2027 667 2085 με
681 2011 769 2072 δονεῖ
781 2009 886 2086 δεινὸς
898 2008 981 2086 ἔρως
997 2026 1043 2084 τις
1074 2031 1508 2058 υυυυυυυυυυυ

460 2118 563 2179 τῶνδε
585 2118 650 2179 τῶν
673 2117 743 2178 σῶν
768 2114 953 2193 βοστρύχων

461 2221 581 2299 ἀτοπος
597 2219 625 2285 δ’
640 2221 772 2296 ἐγκεῖταί
789 2221 841 2299 μοί
857 2240 904 2299 τις
919 2222 1022 2300 πόθος
1075 2245 1405 2274 --------
1421 2243 1458 2272 w

464 2327 502 2406 ὅς
526 2347 563 2404 με
587 2327 776 2404 διακναίσας
799 2328 869 2407 ἔχει.

337 2435 434 2520 plane
461 2433 634 2499 iambicum
662 2440 711 2500 est
739 2453 868 2499 carmen
892 2434 918 2498 E
942 2435 1007 2500 969
1015 2435 1054 2518 ‘);
1084 2440 1303 2500 tetrametrum
1332 2440 1510 2516 sequuntur

498 2540 634 2621 εἰρημέν’
658 2541 754 2605 ἐστίν.
779 2543 820 2604 σὺ
845 2542 881 2604 δέ
905 2562 956 2619 μοι
981 2543 1133 2622 φίλτατον
1157 2543 1184 2606 ἀι
1209 2542 1335 2606 ἱκετεύω

499 2647 627 2715 ἀνοιξον
651 2647 797 2714 ἀσπάζου
821 2669 876 2726 με·
910 2649 962 2713 διά
985 2670 1032 2713 τοι
1057 2652 1096 2713 σὲ
1118 2651 1239 2727 πόνους
1263 2650 1333 2728 ἔχω.

338 2755 370 2820 in
394 2756 456 2820 fine
479 2754 615 2820 recurrit
638 2754 815 2819 membrum
838 2753 917 2819 illud
941 2796 965 2803 -
982 2780 1149 2807 υυυυυ
1155 2807 1163 2822 .
1588 2837 1592 2844 Ι

445 2860 487 2926 Ηὶ
510 2860 608 2944 igitur
630 2861 753 2927 numeri
778 2863 890 2928 molles
914 2883 976 2927 non
1001 2861 1169 2928 minusad
1192 2862 1331 2930 furorem
1349 2862 1508 2928 bacchan-

338 2969 428 3050 tium,
453 2967 507 3033 ubi
531 2974 598 3034 toto
622 2987 758 3052 corpore
781 2975 813 3033 te
837 2968 930 3035 dedis
953 2989 993 3034 ac
1016 2969 1143 3035 veheris
1166 2967 1270 3050 magis
1290 2989 1387 3052 quam
1411 2969 1507 3052 regis,

339 3095 435 3158 quam
466 3073 509 3139 ad
539 3073 704 3140 libidinem
735 3073 911 3140 amantium
939 3075 1182 3160 exprimendam
1213 3075 1281 3160 apti
1313 3059 1396 3142 sunt.
1442 3095 1508 3140 mo-

338 3183 442 3248 lossus
465 3187 514 3246 ter
537 3181 693 3266 repetitus
716 3181 836 3266 optime
866 3201 900 3247 se
925 3181 1022 3246 habet
1044 3183 1105 3248 Αν.
1130 3204 1160 3249 v.
1187 3183 1282 3267 1723,
1315 3183 1369 3249 ubi
1392 3182 1509 3249 chorus

339 3286 578 3375 pulchritudine
590 3286 736 3372 Reginae
749 3288 842 3370 quasi
855 3289 1022 3373 perculsus
1037 3288 1251 3354 admiratione
1264 3295 1388 3374 stupet:
1402 3289 1428 3354 ὠ
1446 3293 1509 3369 φεύ

340 3399 402 3476 φεύ
425 3402 482 3476 τῆς
505 3396 593 3474 ὥρας
615 3399 672 3459 τού
696 3395 839 3472 κάλλους.
864 3402 1039 3478 sequuntur
1063 3395 1240 3463 choriambi
1262 3397 1288 3460 τύ
1313 3397 1509 3476 μακαριστὸν

340 3505 382 3567 σὺ
405 3503 508 3580 γόμον
530 3505 607 3586 τῆδε
629 3502 717 3567 πόλει
744 3505 857 3581 γήμας.
903 3503 1119 3569 memorabilis
1135 3599 1137 3604 Ι
1151 3510 1200 3569 est
1230 3511 1392 3570 extremus
1422 3510 1509 3569 cata-

446 3699 469 3769 l)
488 3699 521 3754 V.
541 3699 593 3753 913
620 3700 713 3754 verba
740 3699 793 3765 οὐχ
818 3699 878 3765 ῆκει
905 3700 1057 3766 μούταῖρος
1084 3701 1149 3766 eth
1176 3700 1230 3766 γάρ
1257 3717 1302 3764 μοι
1326 3700 1418 3766 μήτηρ
1439 3701 1507 3767 ἄλλῃ

342 3789 442 3856 βέβηκε
461 3805 521 3843 non
542 3793 613 3842 sunt
633 3786 843 3858 Aristophanis
864 3789 916 3843 sed
937 3789 1170 3859 interpolatoris,
1189 3790 1240 3843 illa
1259 3790 1298 3842 ad
1312 3806 1341 3842 v.
1354 3787 1415 3858 919,
1435 3790 1511 3843 haec

340 3878 425 3932 adv.
445 3877 498 3931 913
517 3877 676 3948 adscripta.
715 3877 906 3932 scribendum
932 3879 1028 3949 igitur
1053 3883 1114 3933 est:
1141 3877 1198 3931 alui
1224 3877 1250 3930 ri
1274 3893 1345 3931 ποτε
1370 3877 1510 3942 πείσομαι·

341 3967 413 4034 μόνη
433 3967 486 4034 γὰρ
507 3968 598 4020 αὐτού
618 3966 754 4032 λείπομαι.
774 3995 809 4006 ·-
827 3983 855 4020 v.
875 3966 928 4021 914
946 3985 1000 4038 pro
1020 3966 1065 4020 rod
1083 3965 1159 4020 τᾶλλ’
1178 3967 1264 4020 οὐδέν
1292 3982 1360 4022 cum
1380 3968 1509 4022 Velscno

230 4091 232 4097 ·
341 4057 470 4110 scribam
490 4055 534 4109 καὶ
553 4057 641 4109 τᾶλλα
661 4054 686 4121 μ’
706 4057 799 4110 οὐδέν.

446 4145 470 4213 ²)
491 4144 572 4208 Quos
600 4147 744 4216 descripsi
772 4163 822 4217 pg.
852 4145 893 4200 18.
932 4164 959 4199 v.
979 4145 1032 4200 954
1059 4161 1128 4201 cum
1156 4146 1330 4201 Hermanno
1360 4147 1402 4200 sic
1428 4147 1512 4200 resti-

341 4237 450 4290 tuerim
468 4235 522 4301 τῆν
542 4234 1104 4304 εύφρόνην<φ1λος>δπως<τῆνδ’>ἔσει.
1132 4251 1202 4289 nam
1228 4251 1255 4290 ν.
1275 4235 1511 4305 antistrophicus

342 4339 434 4380 sanus
454 4328 501 4379 est
519 4322 605 4390 τήνδἰ
626 4323 650 4377 εἰ
669 4324 701 4376 δὲ
720 4324 756 4390 μὴ
778 4325 947 4378 καταπεσὼν
965 4323 1100 4388 κείσομαι.

447 4414 470 4461 il
489 4413 647 4468 Traditum
674 4417 720 4467 est
738 4428 766 4466 v.
786 4411 839 4466 954
866 4411 940 4466 πάνυ
969 4413 1022 4479 γάρ
1049 4429 1091 4477 τις
1118 4413 1192 4478 ἔρως
1220 4427 1253 4476 με
1281 4414 1366 4466 δονεῖ.
1404 4427 1511 4467 versus

343 4503 552 4572 antistrophici
571 4502 690 4556 restitui
708 4518 768 4557 non
787 4503 847 4556 iam
866 4507 1001 4572 possunt.

449 4591 473 4661 ⁴)
493 4591 674 4647 Emendavlt
691 4591 769 4660 wil,
788 4591 841 4645 Ph.
861 4590 896 4647 U.
916 4590 959 4646 IX
979 4590 1038 4646 138.
1119 4621 1123 4628 ·
