3316 5406
807 482 1008 554 ὲ..μ

323 675 466 771 singulos
489 707 601 753 versus
617 686 800 772 anteposita
817 685 927 751 littera
943 707 972 752 v.
990 684 1190 768 significabo,
1207 683 1295 749 velut
1312 681 1350 750 Α.
1368 704 1398 749 v.
1415 677 1491 748 263.

323 793 544 878 significantur
567 799 675 858 autem
699 792 830 858 litteris:

483 918 511 981 Α
557 917 782 981 Acharuenses
996 917 1046 980 Αν
1069 915 1156 980 Aves

482 1023 533 1104 Eq
556 1023 689 1105 Equites
996 1022 1024 1086 L
1068 1021 1254 1110 Lysistrata

482 1131 511 1196 N
558 1131 668 1198 Nubes
997 1131 1024 1194 Τ
1071 1128 1425 1214 Thesmophoriazusae

484 1238 511 1302 V
558 1239 687 1322 Vespae
998 1238 1027 1300 R
1073 1237 1186 1300 Ranae
1222 1323 1226 1329 Δ

483 1346 509 1410 Ρ
555 1346 625 1410 Pax
1000 1344 1028 1407 E
1075 1344 1331 1410 Ecclesiazusae.

403 1631 516 1713 061166
541 1631 617 1696 16616
641 1648 729 1714 quem
754 1631 791 1696 ad
816 1631 905 1696 inem
931 1631 1065 1696 carmina
1089 1631 1183 1714 lyrica
1207 1631 1322 1695 inserta
1346 1631 1415 1696 sint.

429 1768 463 1833 Si
484 1790 505 1833 a
526 1769 649 1854 parodo
670 1790 691 1834 a
712 1768 864 1853 parabasi
889 1769 929 1833 ab
947 1768 1052 1832 exodo
1069 1767 1267 1849 discesseris,
1292 1768 1400 1834 multis
1421 1769 1493 1833 aliis

323 1875 402 1940 locis
433 1875 550 1942 chorus
577 1882 710 1960 cantat,
742 1875 878 1958 quossi
913 1875 1096 1940 accuratius
1129 1875 1380 1958 examinaveris,
1414 1875 1493 1940 satis

322 1982 447 2069 patebit
471 2002 534 2064 quo
558 1983 690 2047 consilio
714 1983 870 2047 hocloco
895 1982 1039 2046 carmina
1061 1981 1184 2048 inserta
1207 1982 1279 2048 siut.

429 2088 495 2154 Sed
519 2089 706 2174 priusquam
731 2089 774 2154 ad
798 2109 865 2154 rcm
890 2088 1094 2173 accedamus,
1111 2110 1235 2173 agones
1259 2110 1339 2172 quos
1361 2088 1493 2154 Zielins-

322 2195 397 2261 kins
431 2196 463 2261 in
499 2197 581 2262 libro
617 2197 703 2279 quod
738 2195 923 2262 inscribitur
953 2196 1164 2280 ‘Gliedernng
1197 2196 1255 2261 der
1287 2195 1492 2261 altattisehen

323 2303 491 2368 Komddie’
506 2303 634 2369 vocavit
654 2303 849 2387 segregandi
871 2309 954 2387 sunt,
976 2303 1029 2368 ubi
1050 2303 1082 2368 iu
1101 2302 1185 2367 ‘oda’
1208 2303 1324 2368 chorus
1345 2302 1493 2389 procedit

322 2409 528 2474 infantoda'
560 2410 693 2477 recedit.
737 2411 851 2492 Neque
884 2409 973 2474 aliud
1013 2409 1184 2492 quicquam
1219 2409 1267 2474 bis
1300 2409 1494 2474 carminibus

323 2516 405 2604 effici
429 2516 557 2582 videtur
579 2517 640 2582 nisi
661 2524 696 2581 ut
719 2537 845 2601 scenae,
867 2537 950 2599 quae
971 2516 1052 2581 odas
1072 2523 1258 2599 sequuntur,
1276 2516 1359 2581 iuter
1374 2535 1445 2581 sese
1462 2524 1494 2581 et

222 2692 225 2701 s
322 2623 558 2707 coniungantur
581 2631 613 2689 et
636 2623 884 2708 distinguantur.
927 2623 989 2713 huc
1014 2625 1174 2690 referendi
1203 2643 1330 2706 qnoque
1358 2633 1432 2689 sunt
1459 2622 1491 2686 hi

322 2729 384 2794 loci
411 2731 441 2796 R
466 2733 548 2796 1251
577 2731 942 2798 131014601451
969 2733 997 2796 Τ
1021 2732 1226 2796 433=520
1249 2733 1325 2797 459.

429 2838 510 2902 ltem
535 2837 575 2902 de
599 2837 715 2902 ceteris
743 2857 824 2919 quos
852 2838 915 2902 iam
944 2837 1155 2902 tractabimus
1180 2837 1259 2902 locis
1284 2837 1492 2902 iudicandum

322 2951 385 3029 est3
410 2945 505 3009 binae
528 2944 611 3009 enim
626 2964 743 3010 scenae
759 2945 811 3010 vel
826 2945 932 3030 potius
954 2943 1048 3009 binae
1065 2964 1234 3009 scenarum
1251 2945 1491 3030 complexiones

322 3035 464 3116 carmine
478 3052 580 3136 lyrico
594 3051 790 3136 dividuntur,
804 3072 898 3134 quem
912 3052 955 3116 ad
970 3051 1065 3116 finem
1080 3045 1347 3136 antistrophicum
1362 3071 1491 3116 carmen

323 3158 470 3224 adhiberi
501 3159 604 3224 solere
634 3158 816 3244 apparebit.
863 3159 892 3224 R
925 3160 1010 3224 1099
1039 3165 1211 3243 postquam
1245 3159 1277 3222 in
1308 3158 1492 3223 universum
1571 3233 1574 3236 ¹

323 3265 364 3330 de
387 3265 541 3350 Aeschyli
565 3273 662 3347 atque
685 3265 850 3350 Euripidis
874 3265 982 3330 indole
998 3268 1127 3350 poetica
1143 3264 1342 3351 disputatum
1366 3271 1425 3351 est,
1449 3263 1492 3328 ad

322 3374 475 3460 prologos
499 3373 588 3438 chori
612 3373 772 3438 cauticum
797 3373 1030 3438 examinandos
1054 3372 1203 3440 traducit.
1242 3375 1351 3438 Α830
1376 3391 1493 3438 scenae

323 3501 406 3564 quae
430 3480 603 3548 admodum
635 3480 755 3546 similes
786 3487 858 3546 sunt
889 3480 1101 3566 (Megarensis
1132 3488 1163 3544 et
1194 3481 1320 3558 Boeoti)
1351 3479 1492 3544 carmine

322 3589 424 3673 lyrico
449 3587 644 3654 dividuntur.
677 3587 884 3672 Dicaeopolis
908 3610 938 3653 v.
964 3588 1028 3653 832
1052 3591 1102 3651 καὶ
1126 3591 1212 3666 χαῖρε
1236 3587 1402 3653 πόλλ’...
1428 3585 1494 3651 exit

322 3703 357 3761 ut
380 3697 515 3775 χοιρίδια
539 3695 675 3778 auferat,
691 3713 795 3775 neque
812 3693 898 3776 quod
915 3694 989 3758 inde
1007 3715 1027 3758 6
1043 3716 1073 3758 ν.
1091 3695 1154 3760 842
1172 3693 1239 3756 οὐδ’
1257 3693 1353 3770 ἄλλος
1370 3692 1493 3770 ἀνθρώ-

322 3821 392 3864 πων
421 3801 605 3880 ὑποψωνῶν
633 3817 678 3864 σε
707 3805 844 3880 πημανεῖ
873 3823 900 3864 τι
931 3821 951 3865 6
982 3800 1079 3864 choro
1111 3799 1309 3884 appellatur,
1339 3798 1372 3861 in
1396 3817 1494 3862 scena

323 3928 396 3972 eum
420 3907 542 3972 versari
565 3914 685 3972 temero
709 3907 915 3972 iudicandum
941 3916 998 3973 est.
1038 3906 1136 3971 etiam
1159 3905 1264 3971 Ll8i
1287 3905 1495 3970 61Α11410

323 4013 418 4078 binae
443 4032 560 4078 scenae
593 4013 676 4078 inter
708 4033 742 4079 se
775 4013 956 4078 consimiles
992 4012 1132 4078 carmine
1161 4011 1262 4096 lyrico
1296 4010 1512 4102 dividuntur.-

323 4141 397 4185 nam
428 4120 490 4185 hoc
517 4121 587 4185 loco
616 4121 732 4186 Avium
765 4141 863 4186 scena
896 4140 979 4202 quae
1012 4118 1175 4184 antecedit
1207 4119 1361 4202 homines,
1396 4137 1494 4183 scena

323 4246 407 4309 quae
431 4228 574 4309 sequitur
598 4227 649 4292 dei
674 4227 781 4293 avium
805 4228 917 4292 urbem
940 4227 1096 4292 adeuntes
1120 4226 1292 4308 linguntur.
1339 4225 1393 4290 illo
1421 4226 1514 4288 loco.

322 4335 525 4420 Lysistratae
564 4355 663 4400 scena
701 4355 785 4417 quae
824 4334 987 4400 antecedit
1010 4335 1194 4419 Lysistrata
1232 4333 1287 4398 vix
1326 4333 1492 4397 mulierum

259 4505 266 4534 ἱ
324 4441 533 4526 cupiditatem
559 4442 720 4528 opprimit,
751 4461 850 4506 scena
875 4461 958 4523 qnae
982 4441 1125 4523 sequitur
1157 4440 1311 4524 Oinesias,
1338 4440 1391 4522 qui
1421 4439 1493 4505 illas

323 4555 482 4632 temptare
498 4548 576 4630 vult,
592 4547 765 4630 repellitur.
796 4567 856 4611 nec
873 4535 1081 4612 omittendum
1106 4553 1154 4610 est
1177 4546 1209 4610 in
1227 4547 1373 4611 omnibns
1390 4567 1492 4630 paene
