3316 5406
787 521 1002 589 ..38-

310 715 389 782 deos
412 715 561 801 advocat,
592 715 783 802 praesertim
806 738 879 784 cum
902 717 963 784 hoc
993 737 1122 783 carmen
1152 717 1287 784 carmini
1316 717 1483 786 Lacedae·
1599 713 1621 754 ‘²

1544 816 1549 824 '
1614 821 1625 849 Υ

310 815 488 888 moniorum
512 820 703 906 gravissimo
727 844 767 888 ao
790 820 903 890 severo
928 831 1127 908 opponatur:

575 939 720 1018 πρόσαγε
742 942 849 1019 χορὸν,
874 938 1044 1022 ἐπάγαγεί)
1069 939 1214 1019 Χάριτας.

575 1047 625 1110 ἐπὶ
649 1048 684 1110 δὲ
708 1045 846 1110 κάλεσον
864 1045 1022 1124 Ἄρτεμιν,

579 1151 628 1216 ἐπὶ
652 1154 688 1216 δὲ
712 1151 845 1230 δίδυμον
868 1152 939 1230 ἢιυν

577 1257 719 1337 εὔφρον’,
743 1259 793 1323 ἐπὶ
818 1263 853 1322 δε
878 1259 1000 1322 Νύσιον
1023 1262 1086 1325 κτλ.

313 1372 512 1455 aliquantum
535 1379 642 1438 tamen
666 1372 741 1439 inde
765 1395 785 1438 a
808 1396 839 1440 v.
865 1375 949 1439 1287
975 1380 1080 1440 motus
1110 1373 1228 1439 lenitur
1258 1374 1398 1461 dactylis
1425 1376 1482 1440 ad-

312 1478 422 1544 hibitis
448 1482 489 1544 14
512 1479 670 1545 continuis
695 1479 748 1562 qui
772 1501 831 1565 pro
855 1479 1014 1562 dignitate
1039 1479 1182 1564 dearum,
1202 1499 1285 1562 quae
1308 1479 1372 1546 iam
1395 1479 1483 1547 invo-

313 1592 435 1670 cantur,
460 1586 595 1652 Veneris
619 1593 650 1651 et
673 1586 775 1672 ipsius
799 1585 933 1670 Quietis
957 1584 1090 1669 gravius
1111 1586 1265 1652 incedunt

536 1763 538 1768 ,
579 1697 646 1767 εἷτα
670 1705 706 1766 δὲ
730 1703 893 1781 δαίμονας,
918 1701 968 1779 οἷς
992 1701 1179 1781 ἐπιμάρτυσι

578 1807 749 1889 χρησόμεθ’
773 1815 831 1874 οὐκ
855 1810 1066 1888 ἐπιλήσμοσιν

580 1916 713 1995 ἡσυχίας
736 1918 806 1996 πέρι
830 1922 886 1995 τῆς
910 1916 1138 1996 ἀγανόφρονος

579 2023 618 2101 ἣν
641 2023 773 2102 ἐποίησε
797 2024 855 2087 θεά
880 2022 1004 2101 Κύπρις.

315 2137 433 2203 deinde
457 2137 562 2202 denuo
584 2136 737 2203 incitatur
760 2137 876 2204 chorus
900 2156 1025 2203 summa
1047 2137 1172 2203 laetitia
1195 2137 1344 2202 exultans

526 2275 557 2319 v.
584 2255 665 2318 1291
693 2255 806 2318 ἀλαλαὶ
831 2255 859 2333 ἰή
884 2255 1017 2332 παιήων·

697 2359 819 2440 αἴρεσθ’
844 2360 911 2425 άνω
937 2360 979 2423 ἰαί

696 2468 742 2545 ὡς
766 2467 815 2531 ἐπὶ
838 2467 906 2550 νίκῃ
932 2466 975 2529 ἰαί

363 2649 366 2656 ,
698 2573 765 2638 citui
788 2573 855 2636 είιοῑ
879 2573 948 2638 εόαὶ
972 2573 1049 2636 εὐαί.

316 2691 433 2756 etenim
456 2690 553 2755 animi
576 2688 706 2755 humani
731 2696 789 2773 est,
813 2688 904 2753 utin
928 2709 1053 2754 summa
1075 2687 1201 2753 laetitia
1230 2687 1390 2753 interdum
1414 2688 1488 2753 reti-

317 2802 431 2861 neatur
453 2796 685 2881 aliquantisper
708 2801 740 2860 et
763 2795 794 2860 in
819 2795 1013 2860 contrarium
1038 2793 1209 2879 transiliat,
1231 2801 1266 2858 ut
1282 2785 1391 2880 paullo
1415 2803 1488 2880 post

315 2902 435 2968 viribus
459 2901 551 2986 quasi
575 2900 803 2985 redintegratis
821 2900 925 2966 denuo
942 2921 981 2965 ac
1005 2899 1224 2966 vehementius
1241 2899 1338 2966 etiam
1353 2903 1486 2968 exultet.

316 3027 379 3091 quo
404 3008 537 3076 artificio
562 3008 605 3074 ad
628 3028 784 3074 summam
814 3007 971 3073 laetitiam
996 3006 1235 3092 depingendam
1258 3007 1300 3072 de
1329 3006 1488 3074 industria

316 3121 416 3198 atque·
437 3115 557 3201 optime
580 3134 672 3180 usum
697 3133 768 3180 esse
791 3121 921 3199 poetam
944 3120 1065 3199 putem.

424 3232 463 3298 T.
488 3253 518 3298 ν.
543 3232 609 3296 524
632 3251 680 3312 sq.
705 3230 781 3295 τάδε
804 3232 866 3309 γὰρ
890 3231 988 3294 εἰπεῖν
1011 3233 1068 3310 τὴν
1091 3233 1276 3308 πανοῦργον

704 3338 843 3402 κατὰτὸ
868 3339 1012 3417 φανερὸν
1036 3335 1093 3401 ὧδ’
1117 3335 1258 3412 ἀναιδῶς

706 3445 764 3508 otu<
787 3443 827 3508 ἂν
850 3443 960 3527 ᾠόμην
984 3445 1058 3538 κτλ.Ι
1150 3449 1151 3452 ’

317 3579 443 3626 summa
473 3558 561 3624 chori
591 3557 771 3643 indignatio
802 3580 832 3624 v.
862 3545 928 3624 525
965 3555 1068 3624 ambis
1106 3557 1231 3624 ansibus
1265 3557 1378 3624 solutis
1408 3558 1490 3624 bene

319 3665 519 3751 exprimitur.
566 3663 704 3747 denique
728 3664 770 3731 de
793 3663 954 3730 trochaeis
976 3663 1049 3748 illis,
1075 3664 1129 3746 qui
1149 3664 1368 3731 adhortationi
1392 3666 1490 3732 inser-

320 3773 420 3857 viunt,
444 3791 602 3857 moneam,
626 3772 714 3837 velut
736 3772 796 3838 Av.
827 3793 857 3839 u.
884 3773 970 3837 1720
994 3771 1091 3848 ἄναγε
1115 3772 1198 3851 δίεχε
1228 3772 1351 3851 πάραγε
1373 3773 1490 3853 πάρεχε

319 3881 535 3960 περιπέτεσθε,
559 3879 598 3946 V.
614 3901 645 3946 v.
665 3880 749 3944 1326
773 3879 865 3958 ἄνεχε
887 3881 1012 3957 πάρεχε.

429 3986 581 4054 Carmina
605 3988 637 4053 ἐξ
660 3986 781 4065 ὁμοίων
811 3984 978 4050 trochaica
1008 3984 1072 4049 duo
1100 3983 1314 4053 inveniuntur.
1362 3986 1390 4049 Τ
1414 3987 1490 4072 959,

320 4093 375 4159 ubi
402 4098 417 4159 1
436 4095 495 4158 24
518 4092 672 4178 trochaei,
697 4093 751 4176 qui
774 4099 882 4158 tamen
898 4090 1105 4159 continuandi
1121 4100 1205 4178 sunt,
1221 4100 1271 4157 ter
1286 4099 1490 4178 repetuntur:

429 4309 452 4377 ¹)
472 4309 548 4364 Nam
575 4309 625 4363 sic·
644 4324 713 4362 cum
732 4305 882 4361 Meinekio
910 4323 963 4378 pro
984 4305 1070 4371 ἔπαγε
1096 4305 1160 4359 cod.
1186 4305 1212 4358 R
1238 4306 1277 4360 ad
1302 4307 1491 4375 amatorum,

323 4399 375 4468 qui
396 4401 575 4469 sequuntur,
595 4398 767 4468 exemplum
791 4396 981 4451 scribendum
1008 4399 1062 4450 est.
1100 4411 1170 4448 narn
1193 4395 1320 4461 πρόσαγε
1345 4397 1433 4462 χορὸν
1459 4398 1492 4453 in

323 4489 499 4545 universum
519 4488 607 4558 quasi
625 4487 738 4541 dictum
758 4489 812 4554 est,
832 4483 940 4539 deinde
960 4483 1074 4556 singuli
1097 4484 1287 4538 advocantur
1305 4485 1361 4547 dei,
1382 4487 1492 4556 quibus

323 4579 442 4646 Χάριτας
460 4577 630 4634 reddendas
649 4591 716 4632 esse
736 4575 848 4630 censui.
