<?xml version="1.0" encoding="UTF-8"?>
<!DOCTYPE html PUBLIC "-//W3C//DTD XHTML 1.0 Transitional//EN"
    "http://www.w3.org/TR/xhtml1/DTD/xhtml1-transitional.dtd">
<html xmlns="http://www.w3.org/1999/xhtml" xml:lang="en" lang="en">
 <head>
  <title>
</title>
<meta http-equiv="Content-Type" content="text/html;charset=utf-8" />
  <meta name='ocr-system' content='tesseract 3.04.00' />
  <meta name='ocr-capabilities' content='ocr_page ocr_carea ocr_par ocr_line ocrx_word'/>
</head>
<body>
  <div class='ocr_page' id='page_1' title='image "./dearistophanisc01steugoog_0039.png"; bbox 0 0 3316 5406; ppageno 0'>
   <div class='ocr_carea' id='block_1_1' title="bbox 815 521 1034 592">
    <p class='ocr_par' dir='ltr' id='par_1_1' title="bbox 815 521 1034 592">
     <span class='ocr_line' id='line_1_1' title="bbox 815 521 1034 592; baseline -0.009 -10"><span class='ocrx_word' id='word_1_1' title='bbox 815 521 1034 592; x_wconf 51' lang='lat'>432...</span> 
     </span>
    </p>
   </div>
   <div class='ocr_carea' id='block_1_2' title="bbox 259 719 1522 1352">
    <p class='ocr_par' dir='ltr' id='par_1_2' title="bbox 599 719 1066 800">
     <span class='ocr_line' id='line_1_2' title="bbox 599 719 1066 800; baseline 0.009 -18"><span class='ocrx_word' id='word_1_2' title='bbox 599 719 680 784; x_wconf 84' lang='grc' dir='ltr'>ἀλλὰ</span> <span class='ocrx_word' id='word_1_3' title='bbox 701 721 763 800; x_wconf 85' lang='grc' dir='ltr'>γὰρ</span> <span class='ocrx_word' id='word_1_4' title='bbox 785 721 843 800; x_wconf 89' lang='grc' dir='ltr'>οὐχ</span> <span class='ocrx_word' id='word_1_5' title='bbox 865 719 935 800; x_wconf 79' lang='grc' dir='ltr'>οῐός</span> <span class='ocrx_word' id='word_1_6' title='bbox 958 720 983 786; x_wconf 79' lang='grc' dir='ltr'>τ’</span> <span class='ocrx_word' id='word_1_7' title='bbox 1006 720 1066 800; x_wconf 79' lang='grc' dir='ltr'>εἴμ’</span> 
     </span>
    </p>

    <p class='ocr_par' dir='ltr' id='par_1_3' title="bbox 259 827 1522 1352">
     <span class='ocr_line' id='line_1_3' title="bbox 599 827 941 913; baseline 0 -19"><span class='ocrx_word' id='word_1_8' title='bbox 599 827 696 912; x_wconf 76' lang='grc' dir='ltr'>ᾅδειν</span> <span class='ocrx_word' id='word_1_9' title='bbox 719 829 748 892; x_wconf 88' lang='grc' dir='ltr'>τί</span> <span class='ocrx_word' id='word_1_10' title='bbox 770 829 941 913; x_wconf 77' lang='grc' dir='ltr'>ποιήσω;’)</span> 
     </span>
     <span class='ocr_line' id='line_1_4' title="bbox 341 943 1522 1030; baseline 0 -20"><span class='ocrx_word' id='word_1_11' title='bbox 341 950 517 1028; x_wconf 91' lang='lat' dir='ltr'>sequuntur</span> <span class='ocrx_word' id='word_1_12' title='bbox 539 943 725 1029; x_wconf 72' lang='lat' dir='ltr'>dglyoonei</span> <span class='ocrx_word' id='word_1_13' title='bbox 741 944 796 1026; x_wconf 91' lang='lat' dir='ltr'>qui</span> <span class='ocrx_word' id='word_1_14' title='bbox 812 944 942 1030; x_wconf 91' lang='lat' dir='ltr'>proprie</span> <span class='ocrx_word' id='word_1_15' title='bbox 959 944 1117 1012; x_wconf 86' lang='lat' dir='ltr'>dicuntur.</span> <span class='ocrx_word' id='word_1_16' title='bbox 1136 983 1175 993; x_wconf 96' lang='lat'>—</span> <span class='ocrx_word' id='word_1_17' title='bbox 1194 945 1219 1008; x_wconf 93' lang='lat' dir='ltr'>P</span> <span class='ocrx_word' id='word_1_18' title='bbox 1236 945 1301 1011; x_wconf 87' lang='grc'>856</span> <span class='ocrx_word' id='word_1_19' title='bbox 1324 945 1413 1009; x_wconf 84' lang='lat'><strong>3·3·</strong></span> <span class='ocrx_word' id='word_1_20' title='bbox 1438 965 1522 1010; x_wconf 88' lang='lat' dir='ltr'>ace-</span> 
     </span>
     <span class='ocr_line' id='line_1_5' title="bbox 342 1050 1522 1138; baseline 0.003 -22"><span class='ocrx_word' id='word_1_21' title='bbox 342 1051 429 1138; x_wconf 87' lang='lat' dir='ltr'>phali</span> <span class='ocrx_word' id='word_1_22' title='bbox 456 1053 494 1117; x_wconf 93' lang='grc'>11</span> <span class='ocrx_word' id='word_1_23' title='bbox 520 1052 618 1116; x_wconf 83' lang='lat' dir='ltr'>iambi</span> <span class='ocrx_word' id='word_1_24' title='bbox 641 1050 814 1116; x_wconf 90' lang='lat' dir='ltr'>decurrunt</span> <span class='ocrx_word' id='word_1_25' title='bbox 837 1052 1024 1118; x_wconf 79' lang='lat' dir='ltr'>intermissis</span> <span class='ocrx_word' id='word_1_26' title='bbox 1046 1053 1251 1119; x_wconf 84' lang='lat' dir='ltr'>tetrametris.</span> <span class='ocrx_word' id='word_1_27' title='bbox 1276 1051 1304 1117; x_wconf 89' lang='lat' dir='ltr'><strong>R</strong></span> <span class='ocrx_word' id='word_1_28' title='bbox 1328 1055 1410 1118; x_wconf 91' lang='grc'>1251</span> <span class='ocrx_word' id='word_1_29' title='bbox 1437 1055 1522 1119; x_wconf 90' lang='lat' dir='ltr'>sub-</span> 
     </span>
     <span class='ocr_line' id='line_1_6' title="bbox 342 1158 1521 1244; baseline 0 -18"><span class='ocrx_word' id='word_1_30' title='bbox 342 1165 518 1243; x_wconf 86' lang='lat' dir='ltr'>sequuntur</span> <span class='ocrx_word' id='word_1_31' title='bbox 541 1160 773 1224; x_wconf 81' lang='grc'><strong>3·3·2·1·1·</strong></span> <span class='ocrx_word' id='word_1_32' title='bbox 798 1158 958 1244; x_wconf 85' lang='lat' dir='ltr'>glyconei,</span> <span class='ocrx_word' id='word_1_33' title='bbox 982 1167 1017 1224; x_wconf 99' lang='lat' dir='ltr'>ut</span> <span class='ocrx_word' id='word_1_34' title='bbox 1040 1159 1072 1224; x_wconf 93' lang='lat' dir='ltr'>in</span> <span class='ocrx_word' id='word_1_35' title='bbox 1096 1159 1185 1226; x_wconf 92' lang='lat' dir='ltr'>initio</span> <span class='ocrx_word' id='word_1_36' title='bbox 1206 1160 1336 1242; x_wconf 86' lang='lat' dir='ltr'>quidem</span> <span class='ocrx_word' id='word_1_37' title='bbox 1359 1161 1521 1228; x_wconf 81' lang='lat' dir='ltr'>carminis</span> 
     </span>
     <span class='ocr_line' id='line_1_7' title="bbox 259 1259 1521 1352; baseline 0.002 -22"><span class='ocrx_word' id='word_1_38' title='bbox 259 1337 262 1346; x_wconf 25' lang='grc'>1</span> <span class='ocrx_word' id='word_1_39' title='bbox 340 1268 478 1331; x_wconf 83' lang='lat' dir='ltr'>formula</span> <span class='ocrx_word' id='word_1_40' title='bbox 501 1259 607 1330; x_wconf 79' lang='lat' dir='ltr'>a&#39;ab</span> <span class='ocrx_word' id='word_1_41' title='bbox 640 1267 796 1331; x_wconf 88' lang='lat' dir='ltr'>efficiatur</span> <span class='ocrx_word' id='word_1_42' title='bbox 829 1266 923 1349; x_wconf 57' lang='lat' dir='ltr'>(duos</span> <span class='ocrx_word' id='word_1_43' title='bbox 956 1266 1028 1331; x_wconf 92' lang='lat' dir='ltr'>illos</span> <span class='ocrx_word' id='word_1_44' title='bbox 1058 1267 1274 1352; x_wconf 78' lang='lat' dir='ltr'>catalecticos,</span> <span class='ocrx_word' id='word_1_45' title='bbox 1306 1267 1360 1350; x_wconf 89' lang='lat' dir='ltr'>qui</span> <span class='ocrx_word' id='word_1_46' title='bbox 1391 1268 1424 1332; x_wconf 92' lang='lat' dir='ltr'>in</span> <span class='ocrx_word' id='word_1_47' title='bbox 1447 1267 1521 1333; x_wconf 86' lang='lat' dir='ltr'>tine</span> 
     </span>
    </p>
   </div>
   <div class='ocr_carea' id='block_1_3' title="bbox 326 1371 1520 3605">
    <p class='ocr_par' dir='ltr' id='par_1_4' title="bbox 326 1371 1520 3605">
     <span class='ocr_line' id='line_1_8' title="bbox 341 1371 1520 1460; baseline 0.002 -22"><span class='ocrx_word' id='word_1_48' title='bbox 341 1373 438 1458; x_wconf 91' lang='lat' dir='ltr'>positi</span> <span class='ocrx_word' id='word_1_49' title='bbox 461 1379 544 1459; x_wconf 85' lang='lat' dir='ltr'>sunt,</span> <span class='ocrx_word' id='word_1_50' title='bbox 569 1372 745 1438; x_wconf 87' lang='lat' dir='ltr'>clausulam</span> <span class='ocrx_word' id='word_1_51' title='bbox 761 1372 898 1440; x_wconf 85' lang='lat' dir='ltr'>sortasse</span> <span class='ocrx_word' id='word_1_52' title='bbox 915 1371 1099 1440; x_wconf 85' lang='lat' dir='ltr'>existimare</span> <span class='ocrx_word' id='word_1_53' title='bbox 1123 1373 1221 1457; x_wconf 89' lang='lat' dir='ltr'>licet).</span> <span class='ocrx_word' id='word_1_54' title='bbox 1240 1375 1362 1439; x_wconf 90' lang='lat' dir='ltr'>-iam</span> <span class='ocrx_word' id='word_1_55' title='bbox 1386 1373 1520 1460; x_wconf 85' lang='lat' dir='ltr'>videas,</span> 
     </span>
     <span class='ocr_line' id='line_1_9' title="bbox 341 1478 1520 1566; baseline 0 -22"><span class='ocrx_word' id='word_1_56' title='bbox 341 1480 501 1562; x_wconf 89' lang='lat' dir='ltr'>quomodo</span> <span class='ocrx_word' id='word_1_57' title='bbox 525 1480 590 1564; x_wconf 88' lang='lat' dir='ltr'>illa,</span> <span class='ocrx_word' id='word_1_58' title='bbox 615 1478 754 1562; x_wconf 87' lang='lat' dir='ltr'>quaein</span> <span class='ocrx_word' id='word_1_59' title='bbox 778 1478 901 1564; x_wconf 89' lang='lat' dir='ltr'>parodo</span> <span class='ocrx_word' id='word_1_60' title='bbox 926 1486 981 1544; x_wconf 88' lang='lat' dir='ltr'>aut</span> <span class='ocrx_word' id='word_1_61' title='bbox 1005 1479 1157 1564; x_wconf 89' lang='lat' dir='ltr'>parabasi</span> <span class='ocrx_word' id='word_1_62' title='bbox 1186 1481 1293 1566; x_wconf 87' lang='lat' dir='ltr'>posita</span> <span class='ocrx_word' id='word_1_63' title='bbox 1322 1486 1409 1566; x_wconf 88' lang='lat' dir='ltr'>sunt,</span> <span class='ocrx_word' id='word_1_64' title='bbox 1441 1501 1520 1546; x_wconf 88' lang='lat' dir='ltr'>car-</span> 
     </span>
     <span class='ocr_line' id='line_1_10' title="bbox 340 1586 1520 1672; baseline 0.003 -22"><span class='ocrx_word' id='word_1_65' title='bbox 340 1587 427 1652; x_wconf 88' lang='lat' dir='ltr'>mina</span> <span class='ocrx_word' id='word_1_66' title='bbox 461 1587 675 1672; x_wconf 80' lang='lat' dir='ltr'>composuerit</span> <span class='ocrx_word' id='word_1_67' title='bbox 710 1594 816 1671; x_wconf 90' lang='lat' dir='ltr'>poeta.</span> <span class='ocrx_word' id='word_1_68' title='bbox 863 1586 890 1652; x_wconf 81' lang='lat' dir='ltr'>l]</span> <span class='ocrx_word' id='word_1_69' title='bbox 920 1588 985 1652; x_wconf 86' lang='grc'>289</span> <span class='ocrx_word' id='word_1_70' title='bbox 1015 1588 1053 1650; x_wconf 85' lang='grc'>4·</span> <span class='ocrx_word' id='word_1_71' title='bbox 1079 1588 1113 1671; x_wconf 87' lang='grc'>(2</span> <span class='ocrx_word' id='word_1_72' title='bbox 1135 1591 1174 1671; x_wconf 63' lang='grc'>4-</span> <span class='ocrx_word' id='word_1_73' title='bbox 1199 1589 1251 1670; x_wconf 80' lang='grc'>3)·</span> <span class='ocrx_word' id='word_1_74' title='bbox 1276 1589 1412 1652; x_wconf 84' lang='grc'>3·4·4·</span> <span class='ocrx_word' id='word_1_75' title='bbox 1438 1608 1520 1654; x_wconf 88' lang='lat' dir='ltr'>ace-</span> 
     </span>
     <span class='ocr_line' id='line_1_11' title="bbox 341 1692 1519 1782; baseline 0.004 -25"><span class='ocrx_word' id='word_1_76' title='bbox 341 1692 476 1782; x_wconf 81' lang='lat' dir='ltr'>phali’),</span> <span class='ocrx_word' id='word_1_77' title='bbox 501 1696 539 1762; x_wconf 85' lang='lat' dir='ltr'>T.</span> <span class='ocrx_word' id='word_1_78' title='bbox 564 1717 595 1762; x_wconf 90' lang='grc' dir='ltr'>ν.</span> <span class='ocrx_word' id='word_1_79' title='bbox 619 1693 804 1776; x_wconf 62' lang='lat' dir='ltr'>mul-65³)</span> <span class='ocrx_word' id='word_1_80' title='bbox 829 1695 906 1778; x_wconf 58' lang='grc'>24-</span> <span class='ocrx_word' id='word_1_81' title='bbox 930 1694 950 1758; x_wconf 90' lang='grc'><strong>6</strong></span> <span class='ocrx_word' id='word_1_82' title='bbox 974 1693 1123 1779; x_wconf 82' lang='lat' dir='ltr'>glyconei</span> <span class='ocrx_word' id='word_1_83' title='bbox 1147 1693 1337 1777; x_wconf 82' lang='lat' dir='ltr'>decurrunt3</span> <span class='ocrx_word' id='word_1_84' title='bbox 1369 1695 1419 1760; x_wconf 86' lang='lat' dir='ltr'>Av</span> <span class='ocrx_word' id='word_1_85' title='bbox 1444 1697 1519 1762; x_wconf 78' lang='lat'>676</span> 
     </span>
     <span class='ocr_line' id='line_1_12' title="bbox 341 1799 1519 1887; baseline 0.003 -23"><span class='ocrx_word' id='word_1_86' title='bbox 341 1801 569 1887; x_wconf 73' lang='lat' dir='ltr'>2acepbalos,</span> <span class='ocrx_word' id='word_1_87' title='bbox 612 1822 745 1884; x_wconf 91' lang='lat' dir='ltr'>quorum</span> <span class='ocrx_word' id='word_1_88' title='bbox 784 1801 872 1886; x_wconf 93' lang='lat' dir='ltr'>prior</span> <span class='ocrx_word' id='word_1_89' title='bbox 908 1801 991 1864; x_wconf 89' lang='lat' dir='ltr'>omni</span> <span class='ocrx_word' id='word_1_90' title='bbox 1031 1799 1103 1867; x_wconf 91' lang='lat' dir='ltr'>basi</span> <span class='ocrx_word' id='word_1_91' title='bbox 1141 1808 1244 1886; x_wconf 85' lang='lat' dir='ltr'>caret,</span> <span class='ocrx_word' id='word_1_92' title='bbox 1279 1802 1519 1886; x_wconf 82' lang='lat' dir='ltr'>paenultimam</span> 
     </span>
     <span class='ocr_line' id='line_1_13' title="bbox 340 1906 1518 1994; baseline 0.003 -23"><span class='ocrx_word' id='word_1_93' title='bbox 340 1907 468 1991; x_wconf 83' lang='lat' dir='ltr'>longam</span> <span class='ocrx_word' id='word_1_94' title='bbox 492 1908 636 1994; x_wconf 88' lang='lat' dir='ltr'>praebet,</span> <span class='ocrx_word' id='word_1_95' title='bbox 661 1914 837 1992; x_wconf 89' lang='lat' dir='ltr'>sequuntur</span> <span class='ocrx_word' id='word_1_96' title='bbox 865 1911 903 1972; x_wconf 87' lang='grc'>2·</span> <span class='ocrx_word' id='word_1_97' title='bbox 927 1907 1087 1992; x_wconf 59' lang='lat' dir='ltr'>glycone,</span> <span class='ocrx_word' id='word_1_98' title='bbox 1117 1906 1234 1973; x_wconf 90' lang='lat' dir='ltr'>deinde</span> <span class='ocrx_word' id='word_1_99' title='bbox 1257 1909 1437 1974; x_wconf 91' lang='lat' dir='ltr'>intermisso</span> <span class='ocrx_word' id='word_1_100' title='bbox 1462 1909 1518 1974; x_wconf 92' lang='lat' dir='ltr'>di-</span> 
     </span>
     <span class='ocr_line' id='line_1_14' title="bbox 340 2014 1517 2099; baseline 0.004 -21"><span class='ocrx_word' id='word_1_101' title='bbox 340 2023 441 2079; x_wconf 88' lang='lat' dir='ltr'>metro</span> <span class='ocrx_word' id='word_1_102' title='bbox 452 2015 589 2080; x_wconf 91' lang='lat' dir='ltr'>iambico</span> <span class='ocrx_word' id='word_1_103' title='bbox 600 2015 800 2099; x_wconf 78' lang='lat' dir='ltr'>catalectico,</span> <span class='ocrx_word' id='word_1_104' title='bbox 814 2015 904 2080; x_wconf 88' lang='lat' dir='ltr'>cuius</span> <span class='ocrx_word' id='word_1_105' title='bbox 915 2014 1018 2099; x_wconf 89' lang='lat' dir='ltr'>prima</span> <span class='ocrx_word' id='word_1_106' title='bbox 1029 2033 1202 2098; x_wconf 89' lang='lat' dir='ltr'>suppressa</span> <span class='ocrx_word' id='word_1_107' title='bbox 1214 2021 1273 2098; x_wconf 81' lang='lat' dir='ltr'>est,</span> <span class='ocrx_word' id='word_1_108' title='bbox 1284 2017 1323 2078; x_wconf 84' lang='lat'>4·</span> <span class='ocrx_word' id='word_1_109' title='bbox 1341 2016 1517 2099; x_wconf 82' lang='lat' dir='ltr'>glyconei:</span> 
     </span>
     <span class='ocr_line' id='line_1_15' title="bbox 326 2113 930 2212; baseline -0.003 -16"><span class='ocrx_word' id='word_1_110' title='bbox 326 2113 328 2118; x_wconf 33' lang='lat'>⁵</span> <span class='ocrx_word' id='word_1_111' title='bbox 629 2133 655 2196; x_wconf 86' lang='grc' dir='ltr'>ὠ</span> <span class='ocrx_word' id='word_1_112' title='bbox 680 2133 756 2212; x_wconf 86' lang='grc' dir='ltr'>φίλη</span> <span class='ocrx_word' id='word_1_113' title='bbox 781 2131 807 2196; x_wconf 86' lang='grc' dir='ltr'>ὧ</span> <span class='ocrx_word' id='word_1_114' title='bbox 832 2133 930 2209; x_wconf 67' lang='lat' dir='ltr'>{ouon</span> 
     </span>
     <span class='ocr_line' id='line_1_16' title="bbox 630 2239 978 2320; baseline -0.009 -15"><span class='ocrx_word' id='word_1_115' title='bbox 630 2241 655 2305; x_wconf 85' lang='grc' dir='ltr'>ὧ</span> <span class='ocrx_word' id='word_1_116' title='bbox 680 2241 832 2320; x_wconf 83' lang='grc' dir='ltr'>φίλτατον</span> <span class='ocrx_word' id='word_1_117' title='bbox 856 2239 978 2317; x_wconf 81' lang='grc' dir='ltr'>ὀρνέων</span> 
     </span>
     <span class='ocr_line' id='line_1_17' title="bbox 629 2346 1111 2424; baseline -0.004 -13"><span class='ocrx_word' id='word_1_118' title='bbox 629 2348 758 2411; x_wconf 90' lang='grc' dir='ltr'>πάντων</span> <span class='ocrx_word' id='word_1_119' title='bbox 781 2347 914 2424; x_wconf 83' lang='grc' dir='ltr'>Ξύννομε</span> <span class='ocrx_word' id='word_1_120' title='bbox 937 2349 1002 2410; x_wconf 83' lang='grc' dir='ltr'>τῶν</span> <span class='ocrx_word' id='word_1_121' title='bbox 1026 2346 1111 2423; x_wconf 85' lang='grc' dir='ltr'>ἐμῶν</span> 
     </span>
     <span class='ocr_line' id='line_1_18' title="bbox 629 2452 1038 2533; baseline -0.007 -15"><span class='ocrx_word' id='word_1_122' title='bbox 629 2452 738 2533; x_wconf 81' lang='grc' dir='ltr'>ὓμνων</span> <span class='ocrx_word' id='word_1_123' title='bbox 761 2452 910 2532; x_wconf 87' lang='grc' dir='ltr'>ξύντροφ’</span> <span class='ocrx_word' id='word_1_124' title='bbox 935 2452 1038 2532; x_wconf 84' lang='grc' dir='ltr'>ἀηδοῖ,</span> 
     </span>
     <span class='ocr_line' id='line_1_19' title="bbox 629 2560 989 2639; baseline -0.006 0"><span class='ocrx_word' id='word_1_125' title='bbox 629 2563 724 2639; x_wconf 68' lang='lat' dir='ltr'>lites</span> <span class='ocrx_word' id='word_1_126' title='bbox 747 2561 842 2639; x_wconf 75' lang='grc' dir='ltr'>ἠλθες</span> <span class='ocrx_word' id='word_1_127' title='bbox 865 2560 989 2639; x_wconf 81' lang='grc' dir='ltr'>ὤφθης,</span> 
     </span>
     <span class='ocr_line' id='line_1_20' title="bbox 628 2663 1225 2748; baseline -0.007 -16"><span class='ocrx_word' id='word_1_128' title='bbox 628 2669 707 2748; x_wconf 85' lang='grc' dir='ltr'>ἡδὺν</span> <span class='ocrx_word' id='word_1_129' title='bbox 732 2668 877 2748; x_wconf 85' lang='grc' dir='ltr'>φθόγγον</span> <span class='ocrx_word' id='word_1_130' title='bbox 901 2668 970 2745; x_wconf 85' lang='grc' dir='ltr'>ἐμοὶ</span> <span class='ocrx_word' id='word_1_131' title='bbox 994 2663 1138 2745; x_wconf 80' lang='grc' dir='ltr'>φέρονσ’.</span> <span class='ocrx_word' id='word_1_132' title='bbox 1163 2668 1225 2729; x_wconf 90' lang='grc' dir='ltr'>κτλ.</span> 
     </span>
     <span class='ocr_line' id='line_1_21' title="bbox 338 2772 1513 2860; baseline -0.002 -22"><span class='ocrx_word' id='word_1_133' title='bbox 338 2774 388 2856; x_wconf 84' lang='grc' dir='ltr'>Εη</span> <span class='ocrx_word' id='word_1_134' title='bbox 416 2777 479 2840; x_wconf 87' lang='grc'>551</span> <span class='ocrx_word' id='word_1_135' title='bbox 505 2776 591 2840; x_wconf 83' lang='grc'><strong>5·3·</strong></span> <span class='ocrx_word' id='word_1_136' title='bbox 615 2773 893 2860; x_wconf 83' lang='lat' dir='ltr'>polyschematisti</span> <span class='ocrx_word' id='word_1_137' title='bbox 917 2792 1026 2838; x_wconf 85' lang='lat' dir='ltr'>omnes</span> <span class='ocrx_word' id='word_1_138' title='bbox 1051 2772 1193 2838; x_wconf 86' lang='lat' dir='ltr'>eiusdem</span> <span class='ocrx_word' id='word_1_139' title='bbox 1218 2774 1338 2859; x_wconf 88' lang='lat' dir='ltr'>speciei</span> <span class='ocrx_word' id='word_1_140' title='bbox 1357 2779 1389 2838; x_wconf 90' lang='lat' dir='ltr'>et</span> <span class='ocrx_word' id='word_1_141' title='bbox 1412 2772 1513 2838; x_wconf 88' lang='lat' dir='ltr'>inter-</span> 
     </span>
     <span class='ocr_line' id='line_1_22' title="bbox 338 2880 1509 2966; baseline -0.003 -20"><span class='ocrx_word' id='word_1_142' title='bbox 338 2882 442 2947; x_wconf 89' lang='lat' dir='ltr'>missis</span> <span class='ocrx_word' id='word_1_143' title='bbox 466 2882 515 2948; x_wconf 90' lang='lat' dir='ltr'>bis</span> <span class='ocrx_word' id='word_1_144' title='bbox 546 2882 644 2948; x_wconf 88' lang='lat' dir='ltr'>ternis</span> <span class='ocrx_word' id='word_1_145' title='bbox 674 2881 786 2947; x_wconf 85' lang='lat' dir='ltr'>ionicis</span> <span class='ocrx_word' id='word_1_146' title='bbox 815 2903 835 2946; x_wconf 90' lang='lat' dir='ltr'>a</span> <span class='ocrx_word' id='word_1_147' title='bbox 861 2881 996 2966; x_wconf 88' lang='lat' dir='ltr'>minore,</span> <span class='ocrx_word' id='word_1_148' title='bbox 1028 2880 1069 2945; x_wconf 92' lang='lat' dir='ltr'>de</span> <span class='ocrx_word' id='word_1_149' title='bbox 1099 2880 1215 2964; x_wconf 87' lang='lat' dir='ltr'>quibus</span> <span class='ocrx_word' id='word_1_150' title='bbox 1245 2902 1275 2948; x_wconf 88' lang='grc' dir='ltr'>ν.</span> <span class='ocrx_word' id='word_1_151' title='bbox 1306 2903 1361 2966; x_wconf 83' lang='lat' dir='ltr'>pg.</span> <span class='ocrx_word' id='word_1_152' title='bbox 1386 2881 1439 2964; x_wconf 84' lang='grc'>24,</span> <span class='ocrx_word' id='word_1_153' title='bbox 1463 2881 1509 2943; x_wconf 87' lang='grc'>4·</span> 
     </span>
     <span class='ocr_line' id='line_1_23' title="bbox 339 2987 1513 3074; baseline -0.003 -21"><span class='ocrx_word' id='word_1_154' title='bbox 339 2988 487 3074; x_wconf 81' lang='lat' dir='ltr'>glyconei</span> <span class='ocrx_word' id='word_1_155' title='bbox 518 2989 700 3056; x_wconf 88' lang='lat' dir='ltr'>decurrunt.</span> <span class='ocrx_word' id='word_1_156' title='bbox 746 2989 864 3055; x_wconf 74' lang='lat' dir='ltr'>Noua</span> <span class='ocrx_word' id='word_1_157' title='bbox 897 2994 963 3054; x_wconf 89' lang='lat' dir='ltr'>trcs</span> <span class='ocrx_word' id='word_1_158' title='bbox 995 2987 1299 3073; x_wconf 89' lang='lat' dir='ltr'>polyschematistos</span> <span class='ocrx_word' id='word_1_159' title='bbox 1331 2993 1513 3070; x_wconf 89' lang='lat' dir='ltr'>sequuntur</span> 
     </span>
     <span class='ocr_line' id='line_1_24' title="bbox 339 3081 1511 3182; baseline -0.001 -23"><span class='ocrx_word' id='word_1_160' title='bbox 339 3096 359 3159; x_wconf 89' lang='lat'><strong>3</strong></span> <span class='ocrx_word' id='word_1_161' title='bbox 384 3081 561 3162; x_wconf 85' lang='lat' dir='ltr'>choriambi</span> <span class='ocrx_word' id='word_1_162' title='bbox 585 3102 625 3182; x_wconf 64' lang='lat'>†</span> <span class='ocrx_word' id='word_1_163' title='bbox 650 3099 670 3162; x_wconf 95' lang='grc'>2</span> <span class='ocrx_word' id='word_1_164' title='bbox 695 3094 988 3182; x_wconf 86' lang='lat' dir='ltr'>polysohematisti,</span> <span class='ocrx_word' id='word_1_165' title='bbox 1024 3094 1141 3160; x_wconf 89' lang='lat' dir='ltr'>deinde</span> <span class='ocrx_word' id='word_1_166' title='bbox 1176 3094 1364 3160; x_wconf 85' lang='lat' dir='ltr'>intermissis</span> <span class='ocrx_word' id='word_1_167' title='bbox 1392 3113 1511 3160; x_wconf 90' lang='lat' dir='ltr'>novem</span> 
     </span>
     <span class='ocr_line' id='line_1_25' title="bbox 340 3202 1029 3292; baseline -0.001 -24"><span class='ocrx_word' id='word_1_168' title='bbox 340 3202 479 3287; x_wconf 88' lang='lat' dir='ltr'>dactylis</span> <span class='ocrx_word' id='word_1_169' title='bbox 502 3205 524 3268; x_wconf 84' lang='lat'>4</span> <span class='ocrx_word' id='word_1_170' title='bbox 547 3204 722 3270; x_wconf 90' lang='lat' dir='ltr'>choriambi</span> <span class='ocrx_word' id='word_1_171' title='bbox 748 3208 787 3289; x_wconf 61' lang='grc'>4-</span> <span class='ocrx_word' id='word_1_172' title='bbox 813 3206 834 3268; x_wconf 93' lang='grc'>2</span> <span class='ocrx_word' id='word_1_173' title='bbox 857 3203 1029 3292; x_wconf 85' lang='lat' dir='ltr'>glyconei:</span> 
     </span>
     <span class='ocr_line' id='line_1_26' title="bbox 468 3313 851 3391; baseline 0.003 -17"><span class='ocrx_word' id='word_1_174' title='bbox 468 3313 663 3391; x_wconf 81' lang='grc' dir='ltr'>ὑψιμέδοντα</span> <span class='ocrx_word' id='word_1_175' title='bbox 687 3315 743 3390; x_wconf 80' lang='grc' dir='ltr'>μὲν</span> <span class='ocrx_word' id='word_1_176' title='bbox 767 3316 851 3376; x_wconf 84' lang='grc' dir='ltr'>θεῶν</span> 
     </span>
     <span class='ocr_line' id='line_1_27' title="bbox 467 3419 912 3499; baseline -0.002 -17"><span class='ocrx_word' id='word_1_177' title='bbox 467 3419 556 3497; x_wconf 82' lang='grc' dir='ltr'>Ζῆνα</span> <span class='ocrx_word' id='word_1_178' title='bbox 579 3420 735 3499; x_wconf 88' lang='grc' dir='ltr'>τύραννον</span> <span class='ocrx_word' id='word_1_179' title='bbox 759 3420 792 3496; x_wconf 81' lang='grc' dir='ltr'>ἐς</span> <span class='ocrx_word' id='word_1_180' title='bbox 814 3419 912 3497; x_wconf 86' lang='grc' dir='ltr'>χορὸν</span> 
     </span>
     <span class='ocr_line' id='line_1_28' title="bbox 467 3527 936 3605; baseline -0.004 -15"><span class='ocrx_word' id='word_1_181' title='bbox 467 3532 578 3605; x_wconf 87' lang='grc' dir='ltr'>πρῶτα</span> <span class='ocrx_word' id='word_1_182' title='bbox 602 3529 701 3605; x_wconf 81' lang='grc' dir='ltr'>μέγαν</span> <span class='ocrx_word' id='word_1_183' title='bbox 725 3527 892 3604; x_wconf 81' lang='grc' dir='ltr'>κικλήσκω·</span> <span class='ocrx_word' id='word_1_184' title='bbox 934 3575 936 3580; x_wconf 90' lang='grc'>.</span> 
     </span>
    </p>
   </div>
   <div class='ocr_carea' id='block_1_4' title="bbox 338 3681 1510 4651">
    <p class='ocr_par' dir='ltr' id='par_1_5' title="bbox 338 3681 1510 4474">
     <span class='ocr_line' id='line_1_29' title="bbox 446 3681 1508 3759; baseline -0.01 -12"><span class='ocrx_word' id='word_1_185' title='bbox 446 3691 468 3759; x_wconf 86' lang='lat'>1)</span> <span class='ocrx_word' id='word_1_186' title='bbox 488 3691 565 3746; x_wconf 87' lang='lat' dir='ltr'>Nam</span> <span class='ocrx_word' id='word_1_187' title='bbox 585 3692 627 3744; x_wconf 89' lang='lat' dir='ltr'>sic</span> <span class='ocrx_word' id='word_1_188' title='bbox 647 3690 791 3744; x_wconf 87' lang='lat' dir='ltr'>traditum</span> <span class='ocrx_word' id='word_1_189' title='bbox 811 3693 866 3754; x_wconf 89' lang='lat' dir='ltr'>est,</span> <span class='ocrx_word' id='word_1_190' title='bbox 885 3702 941 3742; x_wconf 85' lang='lat' dir='ltr'>nec</span> <span class='ocrx_word' id='word_1_191' title='bbox 961 3689 1007 3740; x_wconf 87' lang='lat' dir='ltr'>cst</span> <span class='ocrx_word' id='word_1_192' title='bbox 1020 3685 1100 3754; x_wconf 90' lang='lat' dir='ltr'>quod</span> <span class='ocrx_word' id='word_1_193' title='bbox 1113 3685 1268 3754; x_wconf 87' lang='lat' dir='ltr'>vituperes</span> <span class='ocrx_word' id='word_1_194' title='bbox 1288 3684 1318 3736; x_wconf 91' lang='lat' dir='ltr'>in</span> <span class='ocrx_word' id='word_1_195' title='bbox 1333 3683 1378 3735; x_wconf 88' lang='lat' dir='ltr'>his</span> <span class='ocrx_word' id='word_1_196' title='bbox 1392 3681 1508 3738; x_wconf 87' lang='lat' dir='ltr'>iambis.</span> 
     </span>
     <span class='ocr_line' id='line_1_30' title="bbox 338 3771 1509 3850; baseline -0.009 -15"><span class='ocrx_word' id='word_1_197' title='bbox 338 3798 443 3836; x_wconf 86' lang='lat' dir='ltr'>vocem</span> <span class='ocrx_word' id='word_1_198' title='bbox 462 3780 660 3850; x_wconf 67' lang='lat' dir='ltr'>alternantem</span> <span class='ocrx_word' id='word_1_199' title='bbox 679 3783 761 3834; x_wconf 87' lang='lat' dir='ltr'>recte</span> <span class='ocrx_word' id='word_1_200' title='bbox 780 3793 813 3831; x_wconf 87' lang='lat' dir='ltr'>se</span> <span class='ocrx_word' id='word_1_201' title='bbox 832 3777 943 3831; x_wconf 87' lang='lat' dir='ltr'>habere</span> <span class='ocrx_word' id='word_1_202' title='bbox 962 3780 1044 3846; x_wconf 85' lang='lat' dir='ltr'>puto.</span> <span class='ocrx_word' id='word_1_203' title='bbox 1082 3790 1152 3828; x_wconf 89' lang='lat' dir='ltr'>nam</span> <span class='ocrx_word' id='word_1_204' title='bbox 1171 3773 1300 3844; x_wconf 92' lang='lat' dir='ltr'>primum</span> <span class='ocrx_word' id='word_1_205' title='bbox 1317 3771 1438 3837; x_wconf 82' lang='grc' dir='ltr'>τήκομαι</span> <span class='ocrx_word' id='word_1_206' title='bbox 1458 3773 1509 3836; x_wconf 87' lang='grc' dir='ltr'>μὲν</span> 
     </span>
     <span class='ocr_line' id='line_1_31' title="bbox 339 3860 1508 3937; baseline -0.01 -12"><span class='ocrx_word' id='word_1_207' title='bbox 339 3888 367 3924; x_wconf 87' lang='grc' dir='ltr'>ν.</span> <span class='ocrx_word' id='word_1_208' title='bbox 387 3870 437 3924; x_wconf 80' lang='grc'>317</span> <span class='ocrx_word' id='word_1_209' title='bbox 457 3875 488 3924; x_wconf 90' lang='lat' dir='ltr'>et</span> <span class='ocrx_word' id='word_1_210' title='bbox 505 3875 647 3937; x_wconf 80' lang='grc' dir='ltr'>τηροῦμαι</span> <span class='ocrx_word' id='word_1_211' title='bbox 666 3869 697 3920; x_wconf 81' lang='grc' dir='ltr'>δὲ</span> <span class='ocrx_word' id='word_1_212' title='bbox 717 3884 744 3921; x_wconf 91' lang='lat' dir='ltr'>v.</span> <span class='ocrx_word' id='word_1_213' title='bbox 764 3866 816 3919; x_wconf 90' lang='grc'>319</span> <span class='ocrx_word' id='word_1_214' title='bbox 841 3864 1023 3936; x_wconf 87' lang='lat' dir='ltr'>respondere</span> <span class='ocrx_word' id='word_1_215' title='bbox 1049 3865 1128 3916; x_wconf 90' lang='lat' dir='ltr'>inter</span> <span class='ocrx_word' id='word_1_216' title='bbox 1154 3877 1186 3916; x_wconf 88' lang='lat' dir='ltr'>se</span> <span class='ocrx_word' id='word_1_217' title='bbox 1205 3860 1508 3916; x_wconf 86' lang='lat' dir='ltr'>animadvertendum</span> 
     </span>
     <span class='ocr_line' id='line_1_32' title="bbox 341 3947 1509 4021; baseline -0.013 -7"><span class='ocrx_word' id='word_1_218' title='bbox 341 3966 395 4014; x_wconf 85' lang='lat' dir='ltr'>est.</span> <span class='ocrx_word' id='word_1_219' title='bbox 427 3965 500 4014; x_wconf 88' lang='lat' dir='ltr'>tunc</span> <span class='ocrx_word' id='word_1_220' title='bbox 518 3974 590 4013; x_wconf 87' lang='lat' dir='ltr'>vero</span> <span class='ocrx_word' id='word_1_221' title='bbox 616 3958 690 4011; x_wconf 92' lang='lat' dir='ltr'>illud</span> <span class='ocrx_word' id='word_1_222' title='bbox 717 3957 787 4010; x_wconf 86' lang='grc' dir='ltr'>ἀλλὰ</span> <span class='ocrx_word' id='word_1_223' title='bbox 814 3957 868 4021; x_wconf 87' lang='grc' dir='ltr'>γὰρ</span> <span class='ocrx_word' id='word_1_224' title='bbox 895 3955 948 4020; x_wconf 84' lang='grc' dir='ltr'>οὐχ</span> <span class='ocrx_word' id='word_1_225' title='bbox 974 3951 1034 4016; x_wconf 79' lang='grc' dir='ltr'>οἷός</span> <span class='ocrx_word' id='word_1_226' title='bbox 1060 3952 1083 4006; x_wconf 83' lang='grc' dir='ltr'>τ’</span> <span class='ocrx_word' id='word_1_227' title='bbox 1109 3950 1158 4016; x_wconf 85' lang='grc' dir='ltr'>εἶμ’</span> <span class='ocrx_word' id='word_1_228' title='bbox 1179 3957 1184 4004; x_wconf 88' lang='lat' dir='ltr'>l</span> <span class='ocrx_word' id='word_1_229' title='bbox 1204 3948 1288 4020; x_wconf 83' lang='grc' dir='ltr'>ᾄδειν.</span> <span class='ocrx_word' id='word_1_230' title='bbox 1320 3947 1346 4003; x_wconf 79' lang='grc' dir='ltr'>τί</span> <span class='ocrx_word' id='word_1_231' title='bbox 1379 3949 1509 4016; x_wconf 87' lang='grc' dir='ltr'>ποιήοιρ;</span> 
     </span>
     <span class='ocr_line' id='line_1_33' title="bbox 340 4039 1509 4120; baseline -0.01 -18"><span class='ocrx_word' id='word_1_232' title='bbox 340 4051 427 4120; x_wconf 91' lang='lat' dir='ltr'>quasi</span> <span class='ocrx_word' id='word_1_233' title='bbox 447 4050 477 4102; x_wconf 91' lang='lat' dir='ltr'>in</span> <span class='ocrx_word' id='word_1_234' title='bbox 496 4048 669 4119; x_wconf 89' lang='lat' dir='ltr'>parenthesi</span> <span class='ocrx_word' id='word_1_235' title='bbox 689 4046 802 4099; x_wconf 90' lang='lat' dir='ltr'>dictum</span> <span class='ocrx_word' id='word_1_236' title='bbox 826 4059 893 4097; x_wconf 88' lang='lat' dir='ltr'>esse</span> <span class='ocrx_word' id='word_1_237' title='bbox 911 4043 1011 4113; x_wconf 83' lang='lat' dir='ltr'>fingas</span> <span class='ocrx_word' id='word_1_238' title='bbox 1036 4042 1082 4110; x_wconf 91' lang='lat' dir='ltr'>(ut</span> <span class='ocrx_word' id='word_1_239' title='bbox 1101 4043 1212 4114; x_wconf 88' lang='lat' dir='ltr'>optime</span> <span class='ocrx_word' id='word_1_240' title='bbox 1233 4040 1303 4092; x_wconf 85' lang='grc' dir='ltr'>ἀλλὰ</span> <span class='ocrx_word' id='word_1_241' title='bbox 1324 4053 1355 4092; x_wconf 89' lang='lat' dir='ltr'>se</span> <span class='ocrx_word' id='word_1_242' title='bbox 1376 4039 1509 4104; x_wconf 83' lang='lat' dir='ltr'>habeat);</span> 
     </span>
     <span class='ocr_line' id='line_1_34' title="bbox 339 4127 1510 4205; baseline -0.009 -14"><span class='ocrx_word' id='word_1_243' title='bbox 339 4137 379 4192; x_wconf 87' lang='lat' dir='ltr'>‘at</span> <span class='ocrx_word' id='word_1_244' title='bbox 398 4138 480 4190; x_wconf 86' lang='lat' dir='ltr'>exire</span> <span class='ocrx_word' id='word_1_245' title='bbox 499 4134 625 4205; x_wconf 86' lang='lat' dir='ltr'>nequeo&#39;</span> <span class='ocrx_word' id='word_1_246' title='bbox 644 4137 687 4188; x_wconf 89' lang='lat' dir='ltr'>ait</span> <span class='ocrx_word' id='word_1_247' title='bbox 705 4133 865 4200; x_wconf 67' lang='lat' dir='ltr'>Philoclem</span> <span class='ocrx_word' id='word_1_248' title='bbox 886 4131 1046 4201; x_wconf 91' lang='lat' dir='ltr'>quodcum</span> <span class='ocrx_word' id='word_1_249' title='bbox 1062 4132 1093 4183; x_wconf 91' lang='lat' dir='ltr'>in</span> <span class='ocrx_word' id='word_1_250' title='bbox 1109 4129 1260 4184; x_wconf 89' lang='lat' dir='ltr'>cantando</span> <span class='ocrx_word' id='word_1_251' title='bbox 1276 4127 1451 4194; x_wconf 84' lang='lat' dir='ltr'>intercedat,</span> <span class='ocrx_word' id='word_1_252' title='bbox 1466 4127 1510 4181; x_wconf 89' lang='lat' dir='ltr'>sic</span> 
     </span>
     <span class='ocr_line' id='line_1_35' title="bbox 340 4216 1509 4298; baseline -0.01 -16"><span class='ocrx_word' id='word_1_253' title='bbox 340 4228 532 4298; x_wconf 80' lang='lat' dir='ltr'>exprimitur:</span> <span class='ocrx_word' id='word_1_254' title='bbox 561 4227 614 4291; x_wconf 82' lang='grc' dir='ltr'>οὐχ</span> <span class='ocrx_word' id='word_1_255' title='bbox 643 4223 703 4288; x_wconf 83' lang='grc' dir='ltr'>οἶός</span> <span class='ocrx_word' id='word_1_256' title='bbox 728 4222 753 4276; x_wconf 85' lang='grc' dir='ltr'>τ’</span> <span class='ocrx_word' id='word_1_257' title='bbox 781 4221 831 4286; x_wconf 80' lang='grc' dir='ltr'>εἴμ’</span> <span class='ocrx_word' id='word_1_258' title='bbox 858 4219 1013 4290; x_wconf 85' lang='grc' dir='ltr'>ᾄδειν.</span> <span class='ocrx_word' id='word_1_259' title='bbox 1051 4219 1188 4274; x_wconf 89' lang='lat' dir='ltr'>similiter</span> <span class='ocrx_word' id='word_1_260' title='bbox 1215 4218 1248 4271; x_wconf 87' lang='lat' dir='ltr'>L.</span> <span class='ocrx_word' id='word_1_261' title='bbox 1271 4234 1299 4271; x_wconf 91' lang='grc' dir='ltr'>ν.</span> <span class='ocrx_word' id='word_1_262' title='bbox 1322 4216 1373 4270; x_wconf 85' lang='grc'>541</span> <span class='ocrx_word' id='word_1_263' title='bbox 1398 4216 1509 4270; x_wconf 88' lang='lat' dir='ltr'>chorus</span> 
     </span>
     <span class='ocr_line' id='line_1_36' title="bbox 339 4305 1508 4385; baseline -0.009 -17"><span class='ocrx_word' id='word_1_264' title='bbox 339 4317 509 4385; x_wconf 86' lang='lat' dir='ltr'>mulierum,</span> <span class='ocrx_word' id='word_1_265' title='bbox 536 4317 640 4370; x_wconf 86' lang='lat' dir='ltr'>amicis</span> <span class='ocrx_word' id='word_1_266' title='bbox 668 4330 700 4368; x_wconf 89' lang='lat' dir='ltr'>se</span> <span class='ocrx_word' id='word_1_267' title='bbox 729 4327 845 4381; x_wconf 89' lang='lat' dir='ltr'>semper</span> <span class='ocrx_word' id='word_1_268' title='bbox 874 4311 1050 4365; x_wconf 87' lang='lat' dir='ltr'>adfuturum</span> <span class='ocrx_word' id='word_1_269' title='bbox 1073 4325 1144 4364; x_wconf 87' lang='lat' dir='ltr'>esse</span> <span class='ocrx_word' id='word_1_270' title='bbox 1173 4311 1215 4362; x_wconf 89' lang='lat' dir='ltr'>sic</span> <span class='ocrx_word' id='word_1_271' title='bbox 1241 4307 1341 4361; x_wconf 87' lang='lat' dir='ltr'>verbis</span> <span class='ocrx_word' id='word_1_272' title='bbox 1368 4305 1508 4375; x_wconf 78' lang='lat' dir='ltr'>exprimit</span> 
     </span>
     <span class='ocr_line' id='line_1_37' title="bbox 341 4392 984 4474; baseline -0.006 -17"><span class='ocrx_word' id='word_1_273' title='bbox 341 4405 406 4472; x_wconf 81' lang='grc' dir='ltr'>[ἐγὼ</span> <span class='ocrx_word' id='word_1_274' title='bbox 425 4406 488 4474; x_wconf 86' lang='grc' dir='ltr'>γὰρ]</span> <span class='ocrx_word' id='word_1_275' title='bbox 508 4408 616 4459; x_wconf 87' lang='grc' dir='ltr'>οὔποτε</span> <span class='ocrx_word' id='word_1_276' title='bbox 634 4402 743 4469; x_wconf 77' lang='grc' dir='ltr'>κάμοιμ’</span> <span class='ocrx_word' id='word_1_277' title='bbox 762 4406 796 4457; x_wconf 82' lang='grc' dir='ltr'>ἂν</span> <span class='ocrx_word' id='word_1_278' title='bbox 816 4392 984 4468; x_wconf 84' lang='grc' dir='ltr'>ὀρχοιιμένη.</span> 
     </span>
    </p>

    <p class='ocr_par' dir='ltr' id='par_1_6' title="bbox 448 4488 1223 4562">
     <span class='ocr_line' id='line_1_38' title="bbox 448 4488 1223 4562; baseline -0.012 -13"><span class='ocrx_word' id='word_1_279' title='bbox 448 4495 469 4562; x_wconf 78' lang='lat'>²)</span> <span class='ocrx_word' id='word_1_280' title='bbox 489 4495 522 4549; x_wconf 79' lang='lat' dir='ltr'>V,</span> <span class='ocrx_word' id='word_1_281' title='bbox 541 4495 593 4549; x_wconf 78' lang='lat'>307</span> <span class='ocrx_word' id='word_1_282' title='bbox 614 4500 684 4549; x_wconf 87' lang='lat' dir='ltr'>ante</span> <span class='ocrx_word' id='word_1_283' title='bbox 703 4493 747 4547; x_wconf 81' lang='grc' dir='ltr'>καὶ</span> <span class='ocrx_word' id='word_1_284' title='bbox 767 4496 820 4546; x_wconf 84' lang='grc' dir='ltr'>διίο</span> <span class='ocrx_word' id='word_1_285' title='bbox 842 4493 988 4562; x_wconf 88' lang='lat' dir='ltr'>syllabam</span> <span class='ocrx_word' id='word_1_286' title='bbox 1009 4488 1223 4543; x_wconf 87' lang='lat' dir='ltr'>desideramus.</span> 
     </span>
    </p>

    <p class='ocr_par' dir='ltr' id='par_1_7' title="bbox 447 4578 1105 4651">
     <span class='ocr_line' id='line_1_39' title="bbox 447 4578 1105 4651; baseline -0.011 -14"><span class='ocrx_word' id='word_1_287' title='bbox 447 4583 469 4651; x_wconf 79' lang='lat'>³)</span> <span class='ocrx_word' id='word_1_288' title='bbox 489 4584 669 4650; x_wconf 73' lang='lat' dir='ltr'>Emendabit</span> <span class='ocrx_word' id='word_1_289' title='bbox 688 4581 764 4651; x_wconf 88' lang='lat' dir='ltr'>Wil.,</span> <span class='ocrx_word' id='word_1_290' title='bbox 784 4581 819 4635; x_wconf 83' lang='lat' dir='ltr'>A.</span> <span class='ocrx_word' id='word_1_291' title='bbox 838 4598 866 4637; x_wconf 91' lang='lat' dir='ltr'>u.</span> <span class='ocrx_word' id='word_1_292' title='bbox 888 4580 923 4635; x_wconf 87' lang='lat' dir='ltr'>A.</span> <span class='ocrx_word' id='word_1_293' title='bbox 942 4581 971 4634; x_wconf 91' lang='lat' dir='ltr'>II</span> <span class='ocrx_word' id='word_1_294' title='bbox 991 4578 1044 4632; x_wconf 83' lang='grc'>354</span> <span class='ocrx_word' id='word_1_295' title='bbox 1064 4594 1105 4646; x_wconf 88' lang='lat' dir='ltr'>sq.</span> 
     </span>
    </p>
   </div>
   <div class='ocr_carea' id='block_1_5' title="bbox 0 0 1662 5406">
    <p class='ocr_par' dir='ltr' id='par_1_8' title="bbox 0 0 1662 5406">
     <span class='ocr_line' id='line_1_40' title="bbox 0 0 1662 5406; baseline 0 0"><span class='ocrx_word' id='word_1_296' title='bbox 0 0 1662 5406; x_wconf 95' lang='lat' dir='ltr'> </span> 
     </span>
    </p>
   </div>
  </div>
 </body>
</html>
