3316 5406
485 749 582 812 πέτου
605 749 701 812 πέτου
727 748 873 826 Νικοδίκη

471 859 558 935 ,πρὶν
581 858 801 934 ἐμπεπρῆσθαι
827 855 968 932 Καλύκην

484 986 517 1028 τε
541 967 589 1028 καὶ
617 964 787 1042 Κρίτυλλαν
807 964 1015 1042 περιφυσήτω

485 1069 546 1134 ὑπό
570 1092 603 1134 τε
627 1070 735 1148 νόμων
759 1070 924 1148 ἀργαλέων

463 1177 547 1240 ’ὺπό
570 1199 603 1240 τε
627 1177 786 1255 γερόντων
810 1178 962 1255 ὀλέθρων.
993 1233 996 1238 .

164 1299 319 1364 Similiter
342 1300 371 1365 V
396 1303 482 1367 1450
505 1302 631 1368 iambus
655 1322 782 1387 semper
806 1325 826 1368 a
849 1301 1034 1367 choriambo
1063 1299 1232 1385 excipitur.
1271 1318 1335 1363 me-

165 1407 337 1473 morabiles
381 1415 455 1474 sunt
496 1431 525 1475 v.
568 1411 611 1474 58
652 1410 696 1475 60
739 1411 781 1474 69
821 1409 876 1475 ubi
923 1419 1088 1492 offla,
1127 1429 1157 1474 v.
1198 1407 1240 1472 70
1282 1404 1337 1470 ubi

172 1525 326 1599 vffl-v,
362 1537 391 1582 ν.
418 1517 459 1580 72
490 1515 711 1601 ιιδί---υ,
742 1539 773 1583 ν.
804 1518 959 1582 59:71
994 1515 1204 1580 ubi-m
1234 1512 1336 1578 chori·
1382 1541 1385 1545 ·

164 1623 293 1687 ambum
318 1623 490 1690 antecedit.
529 1630 626 1705 atque
650 1623 799 1706 equidem
819 1622 986 1688 anaclasin
1009 1621 1108 1688 iambi
1132 1619 1336 1688 statuendam

164 1750 236 1796 esse
260 1736 348 1814 puto,
380 1751 444 1812 qua
474 1731 506 1795 in
536 1730 714 1816 posteriore
745 1751 873 1814 quaque
903 1731 1017 1795 horum
1047 1736 1220 1793 metrorum
1244 1733 1336 1812 parte

102 1833 104 1836 ’
164 1835 309 1902 trochaei
340 1837 466 1921 species
497 1837 613 1902 effecta
644 1846 701 1904 est.
749 1837 813 1902 iam
844 1857 915 1901 cum
939 1836 1027 1921 prior
1050 1855 1126 1921 pars
1155 1834 1335 1898 iamborum

164 1942 323 2028 posterior
337 1964 413 2028 pars
429 1943 653 2008 trochaeorum
673 1945 763 2028 leges
780 1951 943 2028 sequatur,
968 1949 1000 2008 et
1019 1943 1123 2028 prima
1139 1948 1171 2006 ct
1191 1947 1336 2005 ‘extrema

165 2050 259 2114 huius
289 2051 382 2141 metri
410 2047 569 2133 syllabae
587 2049 730 2115 incertae
761 2071 831 2116 esse
863 2055 998 2135 possunt
1021 2058 1163 2113 Ξ--Ξ.
1209 2045 1336 2111 iambus

164 2164 197 2224 et
221 2156 425 2222 choriambus
448 2156 531 2222 inter
555 2176 590 2221 se
614 2156 809 2241 respondent
833 2157 860 2220 V
885 2155 950 2221 526
967 2185 1003 2214 =
1022 2155 1083 2219 631
1096 2153 1137 2236 ¹):

164 2305 194 2348 v.
212 2284 277 2347 526
300 2287 359 2346 νῦν
375 2285 411 2346 δέ
426 2285 483 2346 τὸν
500 2284 533 2346 έκ
550 2284 723 2361 θήμετέρου
756 2303 786 2348 ν.
802 2283 864 2346 631
891 2279 1054 2345 οὐπώποθ’
1079 2277 1163 2343 οὓτω
1186 2281 1336 2355 καθαρῶς

300 2389 478 2465 γυμνασίου
502 2390 604 2464 λέγειν
626 2408 654 2452 τι
679 2392 726 2452 δεῑ
894 2388 1027 2464 οὐδενὸς
1050 2387 1233 2466 ἠκούσαμεν
1257 2385 1309 2448 οὐ·

300 2495 418 2570 καινόν,
443 2493 531 2572 ὅπως
555 2498 755 2574 φανήσει-
892 2497 928 2558 δέ
951 2498 1087 2570 ξυνετῶς
1111 2494 1268 2569 λέγοντος.

271 2621 358 2684 lnter
382 2618 506 2684 iambos
529 2619 732 2686 inveniuntur
756 2619 896 2684 dochmii
920 2619 957 2684 V.
982 2641 1013 2684 ν.
1039 2618 1103 2682 730
1127 2615 1198 2696 μηδ’
1222 2616 1335 2695 ἀτενής

163 2727 245 2803 ἄγαν
280 2727 446 2804 ἀτεράμων
480 2725 504 2790 τ’
540 2727 620 2806 ἀνήρ
653 2757 688 2784 .-.
722 2726 766 2789 44
798 2725 861 2790 τότ’
894 2724 1074 2803 ἐπεμαίνετ’·
1122 2725 1239 2799 ἔγνωκε
1273 2725 1334 2801 γὰρ

163 2834 280 2912 ἀρτίως
312 2819 374 2898 733
398 2835 451 2897 σαὶ
477 2837 513 2898 δὲ
542 2838 600 2898 νῦν
630 2855 676 2911 τις
708 2834 1115 2918 θεῶνίπαρὼνέμφανής
1140 2864 1180 2888 =
1204 2831 1246 2895 47
1277 2835 1335 2895 νῦν

189 3086 193 3096 -
271 3053 292 3116 ¹)
312 3050 345 3104 V.
365 3051 417 3103 636
437 3052 476 3113 ὼς
495 3051 527 3102 δέ
545 3049 626 3102 πάντ’
646 3049 826 3116 ἐπελήλυθεν,
841 3049 923 3118 quod
937 3049 1132 3118 interpretem
1149 3047 1262 3116 resipit,
1282 3048 1334 3116 qui

162 3141 354 3194 enuntiatum
381 3140 480 3192 minus
503 3139 651 3192 usitatum
677 3139 756 3192 male
781 3137 926 3192 mutando
954 3138 1147 3207 explanabat,
1166 3151 1241 3189 corr.
1261 3135 1333 3189 Her-

161 3244 292 3282 mannus
311 3229 341 3282 in
362 3228 400 3292 ὡς
420 3229 470 3280 ὅδε
488 3225 568 3280 πάντ’
588 3227 694 3293 ἐπῆλθε
713 3227 826 3279 κοὺλδέν
844 3242 877 3280 τι.
890 3255 924 3264 -
938 3243 965 3280 v.
985 3225 1038 3279 532
1057 3223 1137 3278 τονδὶ
1156 3239 1210 3294 pro
1229 3224 1282 3276 τὸν
1302 3225 1333 3276 δέ

161 3317 317 3371 Bentleius
344 3317 470 3386 scripsit.
497 3345 531 3353 —
555 3333 582 3368 v.
603 3315 654 3369 535
681 3331 724 3384 sq.
751 3315 901 3368 traditum
921 3319 967 3368 cst
991 3314 1102 3380 γένοιτο
1129 3319 1181 3365 νῦν
1206 3313 1291 3389 αὑτός
1310 3307 1336 3364 o'

130 3414 134 3422 '
163 3407 260 3460 ἐθέλει.
297 3405 472 3466 Dindorfius
499 3405 618 3475 scripsit
643 3402 746 3468 γένοιθ’
773 3403 858 3468 αὑτός
885 3401 909 3456 0²
935 3404 1030 3456 ἐθέλει.
1063 3401 1201 3472 equidem
1228 3416 1332 3455 vocem

162 3496 248 3558 οῡτος
266 3494 426 3549 delendam
447 3509 513 3548 esse
533 3509 681 3560 censeam,
700 3499 734 3546 ut
754 3493 958 3563 respondeant

197 3619 225 3654 v.
245 3597 358 3670 bssb'sq.
379 3601 456 3666 εἴπερ
477 3601 493 3653 ὃ
514 3601 549 3666 μή
570 3601 682 3665 γένοιτο
808 3616 836 3652 v.
855 3597 908 3654 640
928 3615 970 3668 sq.
992 3599 1080 3662 αὐτὸς
1098 3599 1182 3652 ἔδοξα
1201 3597 1298 3664 νήσοις

375 3695 427 3744 νῦν
447 3687 471 3742 α’
490 3690 579 3743 ἐθέλει
598 3692 743 3759 κρατήσαι.
994 3688 1135 3754 ἡδόμενος
1153 3686 1271 3751 λέγοντι.

161 3799 251 3854 valde
269 3802 429 3869 corruptus
448 3803 494 3851 est
507 3814 535 3850 v.
549 3795 609 3850 542.
642 3797 787 3850 traditum
800 3801 846 3850 est
860 3795 1056 3859 σκωπτόμενοι
1077 3793 1100 3847 δ’
1120 3797 1154 3849 ἂν
1174 3795 1211 3848 ἐν.
1244 3794 1332 3848 Dind.

162 3889 262 3942 deleta
281 3888 391 3942 vocula
411 3889 445 3940 ἂν
458 3903 485 3939 v.
499 3885 552 3940 542
565 3891 595 3940 et
607 3884 643 3938 43
660 3887 692 3939 in
711 3901 806 3939 unum
826 3886 978 3940 contraxit
994 3888 1025 3938 et
1044 3882 1185 3948 καλοίμεθ’
1203 3884 1334 3937 mutavit

162 3979 194 4031 in
214 3974 371 4041 καλούμεθ’.
415 3976 469 4030 sed
495 3976 587 4029 verba
612 3977 703 4028 ταῖσιν
729 3975 808 4038 ὁδοῖς
828 3973 948 4038 δπάσαις
974 3973 1119 4044 optimum
1149 3987 1270 4026 versum
1296 3988 1333 4026 ac

162 4081 284 4121 sensum
303 4065 433 4120 reddunt
453 4070 483 4118 et
502 4067 536 4119 ἂν
549 4103 556 4116 .
570 4104 596 4116 ..
616 4062 757 4128 καλοίμεθ’
777 4064 889 4133 optime
915 4079 947 4117 se
973 4062 1072 4117 habet.
1109 4063 1213 4130 itaque
1231 4077 1259 4114 ν.
1280 4059 1333 4114 542

162 4157 239 4210 duas
270 4155 402 4224 syllabas
430 4154 578 4208 excidisse
605 4169 729 4208 necesse
759 4157 818 4218 est,
838 4163 916 4207 'nam
944 4169 972 4206 v.
992 4152 1227 4222 antistrophious
1256 4147 1330 4217 (646)

161 4246 282 4314 integer
300 4248 346 4298 est
364 4274 389 4281 -
400 4257 442 4283 w
454 4273 477 4280 -
506 4256 524 4283 o
535 4249 640 4309 —v-a'
655 4259 682 4296 v.
702 4242 755 4296 646
774 4247 876 4297 autem
899 4241 916 4295 3
934 4245 1031 4295 metra
1050 4240 1237 4296 intercidisse
1256 4241 1332 4294 acci·

162 4333 304 4404 piendum
323 4336 378 4400 est,
397 4347 526 4401 quorum
545 4333 673 4402 primurn
693 4336 739 4386 est
759 4332 977 4386 catalecticum.
1003 4331 1133 4384 scribam
1152 4330 1247 4400 igitur

197 4456 224 4492 v.
245 4437 297 4492 542
317 4439 513 4502 σκωπτόμενοι
533 4437 556 4490 δ’
576 4440 610 4494 ἂν
630 4451 682 4479 -υ
701 4438 731 4490 ἐν
848 4449 877 4490 ν.
896 4435 948 4490 646
967 4452 1023 4489 ·ναι
1042 4436 1165 4502 χαλεπὸν
1191 4447 1272 4475 υ-ιι

318 4529 409 4580 ταῖσιν
429 4528 507 4590 ὁδοῖς
527 4526 647 4590 ἁπάσαις
969 4537 1082 4567 -oo-
1109 4536 1224 4564 υ-υ-

317 4616 496 4683 θαλλοφόροι
514 4618 571 4670 κτλ.
972 4613 1008 4681 μή
1028 4614 1101 4680 πρὸς
1119 4615 1177 4668 κτλ,
